<?xml version="1.0" encoding="UTF-8"?>
<!DOCTYPE html PUBLIC "-//W3C//DTD XHTML 1.0 Transitional//EN"
    "http://www.w3.org/TR/xhtml1/DTD/xhtml1-transitional.dtd">
<html xmlns="http://www.w3.org/1999/xhtml" xml:lang="en" lang="en">
 <head>
  <title>
</title>
<meta http-equiv="Content-Type" content="text/html;charset=utf-8" />
  <meta name='ocr-system' content='tesseract 3.04.00' />
  <meta name='ocr-capabilities' content='ocr_page ocr_carea ocr_par ocr_line ocrx_word'/>
</head>
<body>
  <div class='ocr_page' id='page_1' title='image "baconsnovumorga00fowlgoog_0202.png"; bbox 0 0 1473 2622; ppageno 0'>
   <div class='ocr_carea' id='block_1_1' title="bbox 225 353 848 381">
    <p class='ocr_par' dir='ltr' id='par_1_1' title="bbox 225 353 848 381">
     <span class='ocr_line' id='line_1_1' title="bbox 225 353 848 381; baseline 0 -1"><span class='ocrx_word' id='word_1_1' title='bbox 225 362 235 380; x_wconf 85' lang='grc'>1</span> <span class='ocrx_word' id='word_1_2' title='bbox 244 353 278 380; x_wconf 79' lang='lat'>82</span> <span class='ocrx_word' id='word_1_3' title='bbox 623 355 848 381; x_wconf 80' lang='lat' dir='ltr'><em>PRAEFATIO.</em></span> 
     </span>
    </p>
   </div>
   <div class='ocr_carea' id='block_1_2' title="bbox 218 425 1256 2217">
    <p class='ocr_par' dir='ltr' id='par_1_2' title="bbox 218 425 1256 2123">
     <span class='ocr_line' id='line_1_2' title="bbox 225 425 1254 466; baseline 0.001 -10"><span class='ocrx_word' id='word_1_4' title='bbox 225 429 319 457; x_wconf 89' lang='lat' dir='ltr'>suerit.</span> <span class='ocrx_word' id='word_1_5' title='bbox 361 429 467 465; x_wconf 88' lang='lat' dir='ltr'>Itaque</span> <span class='ocrx_word' id='word_1_6' title='bbox 486 438 533 457; x_wconf 91' lang='lat' dir='ltr'>ars</span> <span class='ocrx_word' id='word_1_7' title='bbox 555 429 603 457; x_wconf 91' lang='lat' dir='ltr'>illa</span> <span class='ocrx_word' id='word_1_8' title='bbox 624 429 802 463; x_wconf 81' lang='lat' dir='ltr'>dialecticae,</span> <span class='ocrx_word' id='word_1_9' title='bbox 820 438 886 457; x_wconf 88' lang='lat' dir='ltr'>sero</span> <span class='ocrx_word' id='word_1_10' title='bbox 907 426 953 466; x_wconf 92' lang='lat' dir='ltr'>(ut</span> <span class='ocrx_word' id='word_1_11' title='bbox 973 425 1124 466; x_wconf 79' lang='lat' dir='ltr'>diximus)</span> <span class='ocrx_word' id='word_1_12' title='bbox 1145 437 1254 457; x_wconf 66' lang='lat' dir='ltr'>cavens,</span> 
     </span>
     <span class='ocr_line' id='line_1_3' title="bbox 226 474 1255 512; baseline -0.001 -10"><span class='ocrx_word' id='word_1_13' title='bbox 226 484 322 512; x_wconf 91' lang='lat' dir='ltr'>neque</span> <span class='ocrx_word' id='word_1_14' title='bbox 346 484 406 502; x_wconf 90' lang='lat' dir='ltr'>rem</span> <span class='ocrx_word' id='word_1_15' title='bbox 431 475 490 503; x_wconf 92' lang='lat' dir='ltr'>ullo</span> <span class='ocrx_word' id='word_1_16' title='bbox 513 475 602 503; x_wconf 92' lang='lat' dir='ltr'>modo</span> <span class='ocrx_word' id='word_1_17' title='bbox 626 475 787 510; x_wconf 92' lang='lat' dir='ltr'>restituens,</span> <span class='ocrx_word' id='word_1_18' title='bbox 805 475 843 503; x_wconf 89' lang='lat' dir='ltr'>ad</span> <span class='ocrx_word' id='word_1_19' title='bbox 868 483 978 503; x_wconf 88' lang='lat' dir='ltr'>errores</span> <span class='ocrx_word' id='word_1_20' title='bbox 999 474 1103 511; x_wconf 87' lang='lat' dir='ltr'>potius</span> <span class='ocrx_word' id='word_1_21' title='bbox 1125 474 1255 510; x_wconf 85' lang='lat' dir='ltr'>figendos</span> 
     </span>
     <span class='ocr_line' id='line_1_4' title="bbox 225 519 1254 558; baseline -0.002 -9"><span class='ocrx_word' id='word_1_22' title='bbox 225 530 313 557; x_wconf 90' lang='lat' dir='ltr'>quam</span> <span class='ocrx_word' id='word_1_23' title='bbox 335 522 373 549; x_wconf 85' lang='lat' dir='ltr'>ad</span> <span class='ocrx_word' id='word_1_24' title='bbox 398 521 550 549; x_wconf 89' lang='lat' dir='ltr'>veritatem</span> <span class='ocrx_word' id='word_1_25' title='bbox 574 521 762 558; x_wconf 88' lang='lat' dir='ltr'>aperiendam</span> <span class='ocrx_word' id='word_1_26' title='bbox 786 521 885 549; x_wconf 88' lang='lat' dir='ltr'>valuit.</span> <span class='ocrx_word' id='word_1_27' title='bbox 927 520 1036 549; x_wconf 90' lang='lat' dir='ltr'><strong>Restat</strong></span> <span class='ocrx_word' id='word_1_28' title='bbox 1063 520 1154 548; x_wconf 85' lang='lat' dir='ltr'>unica</span> <span class='ocrx_word' id='word_1_29' title='bbox 1180 519 1254 548; x_wconf 67' lang='lat' dir='ltr'>salus</span> 
     </span>
     <span class='ocr_line' id='line_1_5' title="bbox 225 567 1253 603; baseline -0.002 -8"><span class='ocrx_word' id='word_1_30' title='bbox 225 576 259 595; x_wconf 90' lang='lat' dir='ltr'>ac</span> <span class='ocrx_word' id='word_1_31' title='bbox 277 567 394 601; x_wconf 82' lang='lat' dir='ltr'>sanitas,</span> <span class='ocrx_word' id='word_1_32' title='bbox 413 571 445 595; x_wconf 91' lang='lat' dir='ltr'>ut</span> <span class='ocrx_word' id='word_1_33' title='bbox 467 576 541 603; x_wconf 90' lang='lat' dir='ltr'>opus</span> <span class='ocrx_word' id='word_1_34' title='bbox 562 567 669 595; x_wconf 88' lang='lat' dir='ltr'>mentis</span> <span class='ocrx_word' id='word_1_35' title='bbox 689 567 854 595; x_wconf 88' lang='lat' dir='ltr'>universum</span> <span class='ocrx_word' id='word_1_36' title='bbox 874 567 913 595; x_wconf 91' lang='lat' dir='ltr'>de</span> <span class='ocrx_word' id='word_1_37' title='bbox 934 567 1050 602; x_wconf 89' lang='lat' dir='ltr'>integro</span> <span class='ocrx_word' id='word_1_38' title='bbox 1070 570 1253 599; x_wconf 72' lang='lat' dir='ltr'>resumatur:</span> 
     </span>
     <span class='ocr_line' id='line_1_6' title="bbox 224 612 1254 650; baseline -0.002 -9"><span class='ocrx_word' id='word_1_39' title='bbox 224 623 258 641; x_wconf 91' lang='lat' dir='ltr'>ac</span> <span class='ocrx_word' id='word_1_40' title='bbox 279 623 369 648; x_wconf 86' lang='lat' dir='ltr'>mens,</span> <span class='ocrx_word' id='word_1_41' title='bbox 381 613 443 649; x_wconf 90' lang='lat' dir='ltr'>jam</span> <span class='ocrx_word' id='word_1_42' title='bbox 464 614 501 641; x_wconf 89' lang='lat' dir='ltr'>ab</span> <span class='ocrx_word' id='word_1_43' title='bbox 518 614 583 650; x_wconf 88' lang='lat' dir='ltr'>ipso</span> <span class='ocrx_word' id='word_1_44' title='bbox 603 614 751 650; x_wconf 81' lang='lat' dir='ltr'>principio,</span> <span class='ocrx_word' id='word_1_45' title='bbox 771 613 852 641; x_wconf 87' lang='lat' dir='ltr'>nullo</span> <span class='ocrx_word' id='word_1_46' title='bbox 869 613 959 641; x_wconf 89' lang='lat' dir='ltr'>modo</span> <span class='ocrx_word' id='word_1_47' title='bbox 979 612 1036 641; x_wconf 85' lang='lat' dir='ltr'>sibi</span> <span class='ocrx_word' id='word_1_48' title='bbox 1058 612 1254 649; x_wconf 69' lang='lat' dir='ltr'>permittatur,</span> 
     </span>
     <span class='ocr_line' id='line_1_7' title="bbox 224 658 1252 696; baseline -0.003 -8"><span class='ocrx_word' id='word_1_49' title='bbox 224 660 276 688; x_wconf 87' lang='lat' dir='ltr'>sed</span> <span class='ocrx_word' id='word_1_50' title='bbox 298 664 440 696; x_wconf 85' lang='lat' dir='ltr'>perpetuo</span> <span class='ocrx_word' id='word_1_51' title='bbox 459 664 595 696; x_wconf 78' lang='lat' dir='ltr'>regatur3</span> <span class='ocrx_word' id='word_1_52' title='bbox 616 668 650 688; x_wconf 91' lang='lat' dir='ltr'>ac</span> <span class='ocrx_word' id='word_1_53' title='bbox 667 669 711 688; x_wconf 89' lang='lat' dir='ltr'>res</span> <span class='ocrx_word' id='word_1_54' title='bbox 724 660 814 688; x_wconf 88' lang='lat' dir='ltr'>veluti</span> <span class='ocrx_word' id='word_1_55' title='bbox 833 668 885 696; x_wconf 92' lang='lat' dir='ltr'>per</span> <span class='ocrx_word' id='word_1_56' title='bbox 902 659 1056 687; x_wconf 86' lang='lat' dir='ltr'>machinas</span> <span class='ocrx_word' id='word_1_57' title='bbox 1072 658 1252 687; x_wconf 86' lang='lat' dir='ltr'>conficiatur.</span> 
     </span>
     <span class='ocr_line' id='line_1_8' title="bbox 218 704 1252 741; baseline -0.001 -8"><span class='ocrx_word' id='word_1_58' title='bbox 218 705 305 734; x_wconf 84' lang='lat' dir='ltr'>&#39;Sane</span> <span class='ocrx_word' id='word_1_59' title='bbox 332 707 356 733; x_wconf 91' lang='lat' dir='ltr'>si</span> <span class='ocrx_word' id='word_1_60' title='bbox 382 705 516 733; x_wconf 88' lang='lat' dir='ltr'>homines</span> <span class='ocrx_word' id='word_1_61' title='bbox 542 714 631 741; x_wconf 89' lang='lat' dir='ltr'>opera</span> <span class='ocrx_word' id='word_1_62' title='bbox 658 705 827 734; x_wconf 83' lang='lat' dir='ltr'>mechanica</span> <span class='ocrx_word' id='word_1_63' title='bbox 854 705 939 733; x_wconf 88' lang='lat' dir='ltr'>nudis</span> <span class='ocrx_word' id='word_1_64' title='bbox 967 705 1116 738; x_wconf 86' lang='lat' dir='ltr'>manibus,</span> <span class='ocrx_word' id='word_1_65' title='bbox 1144 704 1252 740; x_wconf 80' lang='lat' dir='ltr'>absque</span> 
     </span>
     <span class='ocr_line' id='line_1_9' title="bbox 225 750 1252 788; baseline -0.003 -8"><span class='ocrx_word' id='word_1_66' title='bbox 225 752 484 780; x_wconf 87' lang='lat' dir='ltr'>instrumentorum</span> <span class='ocrx_word' id='word_1_67' title='bbox 511 752 539 779; x_wconf 90' lang='lat' dir='ltr'>vi</span> <span class='ocrx_word' id='word_1_68' title='bbox 567 755 596 779; x_wconf 94' lang='lat' dir='ltr'>et</span> <span class='ocrx_word' id='word_1_69' title='bbox 623 760 687 788; x_wconf 90' lang='lat' dir='ltr'>ope,</span> <span class='ocrx_word' id='word_1_70' title='bbox 713 751 843 788; x_wconf 86' lang='lat' dir='ltr'>aggressi</span> <span class='ocrx_word' id='word_1_71' title='bbox 871 755 977 785; x_wconf 87' lang='lat' dir='ltr'>essent,</span> <span class='ocrx_word' id='word_1_72' title='bbox 999 750 1252 788; x_wconf 81' lang='lat' dir='ltr'>quemadmodum</span> 
     </span>
     <span class='ocr_line' id='line_1_10' title="bbox 225 797 1252 834; baseline -0.003 -8"><span class='ocrx_word' id='word_1_73' title='bbox 225 807 313 834; x_wconf 89' lang='lat' dir='ltr'>opera</span> <span class='ocrx_word' id='word_1_74' title='bbox 341 797 550 826; x_wconf 84' lang='lat' dir='ltr'>intellectualia</span> <span class='ocrx_word' id='word_1_75' title='bbox 576 797 663 825; x_wconf 91' lang='lat' dir='ltr'>nudis</span> <span class='ocrx_word' id='word_1_76' title='bbox 689 797 750 826; x_wconf 86' lang='lat' dir='ltr'>fere</span> <span class='ocrx_word' id='word_1_77' title='bbox 777 797 884 825; x_wconf 87' lang='lat' dir='ltr'>mentis</span> <span class='ocrx_word' id='word_1_78' title='bbox 910 797 1020 825; x_wconf 89' lang='lat' dir='ltr'>viribus</span> <span class='ocrx_word' id='word_1_79' title='bbox 1044 800 1176 824; x_wconf 73' lang='lat' dir='ltr'>tractare</span> <span class='ocrx_word' id='word_1_80' title='bbox 1198 805 1252 824; x_wconf 90' lang='lat' dir='ltr'>non</span> 
     </span>
     <span class='ocr_line' id='line_1_11' title="bbox 225 843 1253 880; baseline -0.001 -9"><span class='ocrx_word' id='word_1_81' title='bbox 225 844 403 878; x_wconf 87' lang='lat' dir='ltr'>dubitarunt,</span> <span class='ocrx_word' id='word_1_82' title='bbox 432 852 538 880; x_wconf 89' lang='lat' dir='ltr'>parvae</span> <span class='ocrx_word' id='word_1_83' title='bbox 564 843 726 871; x_wconf 87' lang='lat' dir='ltr'>admodum</span> <span class='ocrx_word' id='word_1_84' title='bbox 753 843 874 872; x_wconf 86' lang='lat' dir='ltr'>fuissent</span> <span class='ocrx_word' id='word_1_85' title='bbox 902 852 947 871; x_wconf 89' lang='lat' dir='ltr'>res</span> <span class='ocrx_word' id='word_1_86' title='bbox 972 851 1048 879; x_wconf 87' lang='lat' dir='ltr'>quas</span> <span class='ocrx_word' id='word_1_87' title='bbox 1076 851 1198 871; x_wconf 91' lang='lat' dir='ltr'>movere</span> <span class='ocrx_word' id='word_1_88' title='bbox 1225 847 1253 870; x_wconf 85' lang='lat' dir='ltr'>et</span> 
     </span>
     <span class='ocr_line' id='line_1_12' title="bbox 224 888 1254 926; baseline -0.002 -9"><span class='ocrx_word' id='word_1_89' title='bbox 224 891 338 918; x_wconf 88' lang='lat' dir='ltr'>vincere</span> <span class='ocrx_word' id='word_1_90' title='bbox 354 890 527 926; x_wconf 88' lang='lat' dir='ltr'>potuissent,</span> <span class='ocrx_word' id='word_1_91' title='bbox 542 890 608 918; x_wconf 88' lang='lat' dir='ltr'>licet</span> <span class='ocrx_word' id='word_1_92' title='bbox 625 899 729 926; x_wconf 81' lang='lat' dir='ltr'>operas</span> <span class='ocrx_word' id='word_1_93' title='bbox 745 890 849 918; x_wconf 89' lang='lat' dir='ltr'>enixas</span> <span class='ocrx_word' id='word_1_94' title='bbox 865 893 955 926; x_wconf 88' lang='lat' dir='ltr'>atque</span> <span class='ocrx_word' id='word_1_95' title='bbox 971 889 1063 917; x_wconf 84' lang='lat' dir='ltr'>etiam</span> <span class='ocrx_word' id='word_1_96' title='bbox 1080 888 1254 924; x_wconf 80' lang='lat' dir='ltr'>conjunctas</span> 
     </span>
     <span class='ocr_line' id='line_1_13' title="bbox 224 934 1254 972; baseline -0.001 -10"><span class='ocrx_word' id='word_1_97' title='bbox 224 935 445 971; x_wconf 86' lang='lat' dir='ltr'>praestitissent.</span> <span class='ocrx_word' id='word_1_98' title='bbox 485 935 587 972; x_wconf 87' lang='lat' dir='ltr'>Atque</span> <span class='ocrx_word' id='word_1_99' title='bbox 605 936 628 963; x_wconf 86' lang='lat' dir='ltr'>si</span> <span class='ocrx_word' id='word_1_100' title='bbox 645 936 793 972; x_wconf 88' lang='lat' dir='ltr'>paulisper</span> <span class='ocrx_word' id='word_1_101' title='bbox 807 935 920 969; x_wconf 85' lang='lat' dir='ltr'>morari,</span> <span class='ocrx_word' id='word_1_102' title='bbox 933 939 1023 972; x_wconf 85' lang='lat' dir='ltr'>atque</span> <span class='ocrx_word' id='word_1_103' title='bbox 1038 935 1068 962; x_wconf 89' lang='lat' dir='ltr'>in</span> <span class='ocrx_word' id='word_1_104' title='bbox 1085 934 1146 963; x_wconf 89' lang='lat' dir='ltr'>hoc</span> <span class='ocrx_word' id='word_1_105' title='bbox 1161 934 1254 970; x_wconf 88' lang='lat' dir='ltr'>ipsum</span> 
     </span>
     <span class='ocr_line' id='line_1_14' title="bbox 224 980 1255 1017; baseline -0.001 -9"><span class='ocrx_word' id='word_1_106' title='bbox 224 980 403 1017; x_wconf 87' lang='lat' dir='ltr'>exemplum,</span> <span class='ocrx_word' id='word_1_107' title='bbox 423 980 513 1008; x_wconf 86' lang='lat' dir='ltr'>veluti</span> <span class='ocrx_word' id='word_1_108' title='bbox 533 981 562 1008; x_wconf 91' lang='lat' dir='ltr'>in</span> <span class='ocrx_word' id='word_1_109' title='bbox 583 981 742 1017; x_wconf 81' lang='lat' dir='ltr'>speculum,</span> <span class='ocrx_word' id='word_1_110' title='bbox 763 981 867 1010; x_wconf 84' lang='lat' dir='ltr'>intueri</span> <span class='ocrx_word' id='word_1_111' title='bbox 887 981 1032 1015; x_wconf 86' lang='lat' dir='ltr'>velimus;</span> <span class='ocrx_word' id='word_1_112' title='bbox 1060 980 1255 1017; x_wconf 83' lang='lat' dir='ltr'>exquiramus</span> 
     </span>
     <span class='ocr_line' id='line_1_15' title="bbox 225 1024 1254 1064; baseline -0.001 -10"><span class='ocrx_word' id='word_1_113' title='bbox 225 1026 261 1063; x_wconf 87' lang='lat' dir='ltr'>(si</span> <span class='ocrx_word' id='word_1_114' title='bbox 282 1024 391 1064; x_wconf 90' lang='lat' dir='ltr'>placet)</span> <span class='ocrx_word' id='word_1_115' title='bbox 412 1026 435 1054; x_wconf 91' lang='lat' dir='ltr'>si</span> <span class='ocrx_word' id='word_1_116' title='bbox 457 1026 531 1054; x_wconf 86' lang='lat' dir='ltr'>sorte</span> <span class='ocrx_word' id='word_1_117' title='bbox 551 1027 695 1055; x_wconf 88' lang='lat' dir='ltr'>obeliscus</span> <span class='ocrx_word' id='word_1_118' title='bbox 717 1026 822 1063; x_wconf 87' lang='lat' dir='ltr'>aliquis</span> <span class='ocrx_word' id='word_1_119' title='bbox 844 1026 1047 1063; x_wconf 86' lang='lat' dir='ltr'>magnitudine</span> <span class='ocrx_word' id='word_1_120' title='bbox 1069 1026 1197 1062; x_wconf 84' lang='lat' dir='ltr'>insignis</span> <span class='ocrx_word' id='word_1_121' title='bbox 1218 1026 1254 1053; x_wconf 91' lang='lat' dir='ltr'>ad</span> 
     </span>
     <span class='ocr_line' id='line_1_16' title="bbox 224 1071 1256 1109; baseline -0.001 -9"><span class='ocrx_word' id='word_1_122' title='bbox 224 1072 363 1108; x_wconf 85' lang='lat' dir='ltr'>triumphi</span> <span class='ocrx_word' id='word_1_123' title='bbox 390 1072 436 1100; x_wconf 93' lang='lat' dir='ltr'>vel</span> <span class='ocrx_word' id='word_1_124' title='bbox 463 1072 630 1108; x_wconf 89' lang='lat' dir='ltr'>hujusmodi</span> <span class='ocrx_word' id='word_1_125' title='bbox 661 1073 895 1109; x_wconf 83' lang='lat' dir='ltr'>magnificentiae</span> <span class='ocrx_word' id='word_1_126' title='bbox 918 1073 1009 1101; x_wconf 88' lang='lat' dir='ltr'>decus</span> <span class='ocrx_word' id='word_1_127' title='bbox 1032 1071 1256 1100; x_wconf 76' lang='lat' dir='ltr'>transferendus</span> 
     </span>
     <span class='ocr_line' id='line_1_17' title="bbox 224 1118 1255 1155; baseline -0.002 -8"><span class='ocrx_word' id='word_1_128' title='bbox 224 1123 308 1152; x_wconf 89' lang='lat' dir='ltr'>esset,</span> <span class='ocrx_word' id='word_1_129' title='bbox 325 1123 414 1155; x_wconf 86' lang='lat' dir='ltr'>atque</span> <span class='ocrx_word' id='word_1_130' title='bbox 434 1118 464 1147; x_wconf 92' lang='lat' dir='ltr'>id</span> <span class='ocrx_word' id='word_1_131' title='bbox 484 1118 617 1147; x_wconf 87' lang='lat' dir='ltr'>homines</span> <span class='ocrx_word' id='word_1_132' title='bbox 638 1119 723 1147; x_wconf 88' lang='lat' dir='ltr'>nudis</span> <span class='ocrx_word' id='word_1_133' title='bbox 739 1118 874 1147; x_wconf 84' lang='lat' dir='ltr'>manibus</span> <span class='ocrx_word' id='word_1_134' title='bbox 893 1118 1136 1155; x_wconf 86' lang='lat' dir='ltr'>aggrederentur,</span> <span class='ocrx_word' id='word_1_135' title='bbox 1156 1126 1255 1146; x_wconf 90' lang='lat' dir='ltr'>annon</span> 
     </span>
     <span class='ocr_line' id='line_1_18' title="bbox 224 1164 1255 1201; baseline -0.001 -8"><span class='ocrx_word' id='word_1_136' title='bbox 224 1165 280 1193; x_wconf 90' lang='lat' dir='ltr'>hoc</span> <span class='ocrx_word' id='word_1_137' title='bbox 301 1174 425 1201; x_wconf 90' lang='lat' dir='ltr'>magnae</span> <span class='ocrx_word' id='word_1_138' title='bbox 445 1164 598 1200; x_wconf 87' lang='lat' dir='ltr'>cujusdam</span> <span class='ocrx_word' id='word_1_139' title='bbox 619 1174 683 1193; x_wconf 86' lang='lat' dir='ltr'>esse</span> <span class='ocrx_word' id='word_1_140' title='bbox 696 1165 864 1193; x_wconf 88' lang='lat' dir='ltr'>dementiae</span> <span class='ocrx_word' id='word_1_141' title='bbox 881 1169 1031 1201; x_wconf 85' lang='lat' dir='ltr'>spectator</span> <span class='ocrx_word' id='word_1_142' title='bbox 1043 1164 1195 1200; x_wconf 87' lang='lat' dir='ltr'>quispiam</span> <span class='ocrx_word' id='word_1_143' title='bbox 1216 1164 1255 1192; x_wconf 87' lang='lat' dir='ltr'>rei</span> 
     </span>
     <span class='ocr_line' id='line_1_19' title="bbox 224 1209 1256 1247; baseline -0.002 -8"><span class='ocrx_word' id='word_1_144' title='bbox 224 1211 338 1239; x_wconf 87' lang='lat' dir='ltr'>sobrius</span> <span class='ocrx_word' id='word_1_145' title='bbox 356 1209 513 1239; x_wconf 83' lang='lat' dir='ltr'>fateretur?</span> <span class='ocrx_word' id='word_1_146' title='bbox 553 1210 642 1247; x_wconf 83' lang='lat' dir='ltr'>Quod</span> <span class='ocrx_word' id='word_1_147' title='bbox 662 1211 686 1238; x_wconf 89' lang='lat' dir='ltr'>si</span> <span class='ocrx_word' id='word_1_148' title='bbox 709 1220 861 1239; x_wconf 90' lang='lat' dir='ltr'>numerum</span> <span class='ocrx_word' id='word_1_149' title='bbox 881 1215 1023 1246; x_wconf 87' lang='lat' dir='ltr'>augerent</span> <span class='ocrx_word' id='word_1_150' title='bbox 1043 1210 1256 1247; x_wconf 76' lang='lat' dir='ltr'>operariorum,</span> 
     </span>
     <span class='ocr_line' id='line_1_20' title="bbox 224 1256 1256 1294; baseline -0.001 -9"><span class='ocrx_word' id='word_1_151' title='bbox 224 1262 313 1294; x_wconf 89' lang='lat' dir='ltr'>atque</span> <span class='ocrx_word' id='word_1_152' title='bbox 340 1257 395 1285; x_wconf 89' lang='lat' dir='ltr'>hoc</span> <span class='ocrx_word' id='word_1_153' title='bbox 423 1257 513 1285; x_wconf 88' lang='lat' dir='ltr'>modo</span> <span class='ocrx_word' id='word_1_154' title='bbox 538 1265 570 1284; x_wconf 89' lang='lat' dir='ltr'>se</span> <span class='ocrx_word' id='word_1_155' title='bbox 593 1256 689 1285; x_wconf 91' lang='lat' dir='ltr'>valere</span> <span class='ocrx_word' id='word_1_156' title='bbox 716 1265 803 1293; x_wconf 85' lang='lat' dir='ltr'>posse</span> <span class='ocrx_word' id='word_1_157' title='bbox 830 1256 1020 1290; x_wconf 87' lang='lat' dir='ltr'>confiderent,</span> <span class='ocrx_word' id='word_1_158' title='bbox 1042 1265 1145 1284; x_wconf 88' lang='lat' dir='ltr'>annon</span> <span class='ocrx_word' id='word_1_159' title='bbox 1170 1261 1256 1285; x_wconf 84' lang='lat' dir='ltr'>tanto</span> 
     </span>
     <span class='ocr_line' id='line_1_21' title="bbox 225 1302 1256 1339; baseline 0 -9"><span class='ocrx_word' id='word_1_160' title='bbox 225 1302 337 1339; x_wconf 87' lang='lat' dir='ltr'>magis?</span> <span class='ocrx_word' id='word_1_161' title='bbox 372 1302 424 1331; x_wconf 90' lang='lat' dir='ltr'>Sin</span> <span class='ocrx_word' id='word_1_162' title='bbox 438 1306 537 1330; x_wconf 90' lang='lat' dir='ltr'>autem</span> <span class='ocrx_word' id='word_1_163' title='bbox 551 1302 699 1330; x_wconf 90' lang='lat' dir='ltr'>delectum</span> <span class='ocrx_word' id='word_1_164' title='bbox 713 1302 861 1338; x_wconf 89' lang='lat' dir='ltr'>quendam</span> <span class='ocrx_word' id='word_1_165' title='bbox 875 1302 1015 1330; x_wconf 89' lang='lat' dir='ltr'>adhibere</span> <span class='ocrx_word' id='word_1_166' title='bbox 1027 1302 1149 1336; x_wconf 89' lang='lat' dir='ltr'>vellent,</span> <span class='ocrx_word' id='word_1_167' title='bbox 1163 1306 1256 1339; x_wconf 89' lang='lat' dir='ltr'>atque</span> 
     </span>
     <span class='ocr_line' id='line_1_22' title="bbox 224 1347 1256 1385; baseline 0 -9"><span class='ocrx_word' id='word_1_168' title='bbox 224 1348 426 1377; x_wconf 85' lang='lat' dir='ltr'>imbecilliores</span> <span class='ocrx_word' id='word_1_169' title='bbox 448 1357 590 1385; x_wconf 87' lang='lat' dir='ltr'>separare,</span> <span class='ocrx_word' id='word_1_170' title='bbox 613 1353 643 1376; x_wconf 91' lang='lat' dir='ltr'>et</span> <span class='ocrx_word' id='word_1_171' title='bbox 667 1348 794 1376; x_wconf 90' lang='lat' dir='ltr'>robustis</span> <span class='ocrx_word' id='word_1_172' title='bbox 818 1352 934 1376; x_wconf 88' lang='lat' dir='ltr'>tantum</span> <span class='ocrx_word' id='word_1_173' title='bbox 957 1353 986 1376; x_wconf 90' lang='lat' dir='ltr'>et</span> <span class='ocrx_word' id='word_1_174' title='bbox 1009 1347 1182 1384; x_wconf 87' lang='lat' dir='ltr'>vigentibus</span> <span class='ocrx_word' id='word_1_175' title='bbox 1203 1348 1256 1381; x_wconf 76' lang='lat' dir='ltr'>uti,</span> 
     </span>
     <span class='ocr_line' id='line_1_23' title="bbox 223 1394 1255 1431; baseline -0.001 -8"><span class='ocrx_word' id='word_1_176' title='bbox 223 1399 313 1431; x_wconf 86' lang='lat' dir='ltr'>atque</span> <span class='ocrx_word' id='word_1_177' title='bbox 334 1395 402 1423; x_wconf 90' lang='lat' dir='ltr'>hinc</span> <span class='ocrx_word' id='word_1_178' title='bbox 430 1394 534 1423; x_wconf 88' lang='lat' dir='ltr'>saltem</span> <span class='ocrx_word' id='word_1_179' title='bbox 563 1403 595 1423; x_wconf 90' lang='lat' dir='ltr'>se</span> <span class='ocrx_word' id='word_1_180' title='bbox 618 1395 678 1422; x_wconf 88' lang='lat' dir='ltr'>voti</span> <span class='ocrx_word' id='word_1_181' title='bbox 707 1399 860 1431; x_wconf 86' lang='lat' dir='ltr'>compotes</span> <span class='ocrx_word' id='word_1_182' title='bbox 881 1394 941 1423; x_wconf 85' lang='lat' dir='ltr'>sore</span> <span class='ocrx_word' id='word_1_183' title='bbox 968 1399 1129 1431; x_wconf 83' lang='lat' dir='ltr'>sperarent,</span> <span class='ocrx_word' id='word_1_184' title='bbox 1154 1404 1255 1423; x_wconf 90' lang='lat' dir='ltr'>annon</span> 
     </span>
     <span class='ocr_line' id='line_1_24' title="bbox 224 1440 1256 1478; baseline -0.002 -8"><span class='ocrx_word' id='word_1_185' title='bbox 224 1441 320 1470; x_wconf 83' lang='lat' dir='ltr'>adhuc</span> <span class='ocrx_word' id='word_1_186' title='bbox 334 1451 383 1470; x_wconf 90' lang='lat' dir='ltr'>eos</span> <span class='ocrx_word' id='word_1_187' title='bbox 398 1441 555 1478; x_wconf 87' lang='lat' dir='ltr'>impensius</span> <span class='ocrx_word' id='word_1_188' title='bbox 569 1440 692 1469; x_wconf 87' lang='lat' dir='ltr'>delirare</span> <span class='ocrx_word' id='word_1_189' title='bbox 706 1440 835 1469; x_wconf 86' lang='lat' dir='ltr'>diceret?</span> <span class='ocrx_word' id='word_1_190' title='bbox 875 1440 954 1477; x_wconf 87' lang='lat' dir='ltr'>Quin</span> <span class='ocrx_word' id='word_1_191' title='bbox 969 1441 1058 1469; x_wconf 91' lang='lat' dir='ltr'>etiam</span> <span class='ocrx_word' id='word_1_192' title='bbox 1076 1441 1100 1468; x_wconf 90' lang='lat' dir='ltr'>si</span> <span class='ocrx_word' id='word_1_193' title='bbox 1114 1440 1174 1469; x_wconf 89' lang='lat' dir='ltr'>hoc</span> <span class='ocrx_word' id='word_1_194' title='bbox 1189 1441 1256 1478; x_wconf 87' lang='lat' dir='ltr'>ipso</span> 
     </span>
     <span class='ocr_line' id='line_1_25' title="bbox 224 1487 1254 1522; baseline -0.001 -5"><span class='ocrx_word' id='word_1_195' title='bbox 224 1497 281 1516; x_wconf 90' lang='lat' dir='ltr'>non</span> <span class='ocrx_word' id='word_1_196' title='bbox 302 1489 440 1522; x_wconf 87' lang='lat' dir='ltr'>contenti,</span> <span class='ocrx_word' id='word_1_197' title='bbox 458 1492 552 1516; x_wconf 80' lang='lat' dir='ltr'>artem</span> <span class='ocrx_word' id='word_1_198' title='bbox 573 1487 694 1515; x_wconf 88' lang='lat' dir='ltr'>tandem</span> <span class='ocrx_word' id='word_1_199' title='bbox 715 1487 884 1515; x_wconf 88' lang='lat' dir='ltr'>athleticam</span> <span class='ocrx_word' id='word_1_200' title='bbox 906 1487 1057 1515; x_wconf 86' lang='lat' dir='ltr'>consulere</span> <span class='ocrx_word' id='word_1_201' title='bbox 1077 1491 1254 1517; x_wconf 81' lang='lat' dir='ltr'>statuerent.</span> 
     </span>
     <span class='ocr_line' id='line_1_26' title="bbox 222 1533 1255 1570; baseline -0.001 -8"><span class='ocrx_word' id='word_1_202' title='bbox 222 1544 256 1562; x_wconf 88' lang='lat' dir='ltr'>ac</span> <span class='ocrx_word' id='word_1_203' title='bbox 273 1543 376 1562; x_wconf 88' lang='lat' dir='ltr'>omnes</span> <span class='ocrx_word' id='word_1_204' title='bbox 392 1535 530 1570; x_wconf 83' lang='lat' dir='ltr'>deinceps</span> <span class='ocrx_word' id='word_1_205' title='bbox 547 1534 682 1562; x_wconf 86' lang='lat' dir='ltr'>manibus</span> <span class='ocrx_word' id='word_1_206' title='bbox 699 1538 728 1562; x_wconf 93' lang='lat' dir='ltr'>et</span> <span class='ocrx_word' id='word_1_207' title='bbox 746 1533 861 1561; x_wconf 86' lang='lat' dir='ltr'>lacertis</span> <span class='ocrx_word' id='word_1_208' title='bbox 877 1537 907 1562; x_wconf 89' lang='lat' dir='ltr'>et</span> <span class='ocrx_word' id='word_1_209' title='bbox 924 1533 1019 1561; x_wconf 87' lang='lat' dir='ltr'>nervis</span> <span class='ocrx_word' id='word_1_210' title='bbox 1037 1542 1077 1561; x_wconf 90' lang='lat' dir='ltr'>ex</span> <span class='ocrx_word' id='word_1_211' title='bbox 1093 1538 1159 1562; x_wconf 86' lang='lat' dir='ltr'>arte</span> <span class='ocrx_word' id='word_1_212' title='bbox 1176 1534 1255 1562; x_wconf 85' lang='lat' dir='ltr'>bene</span> 
     </span>
     <span class='ocr_line' id='line_1_27' title="bbox 224 1580 1255 1616; baseline -0.002 -7"><span class='ocrx_word' id='word_1_213' title='bbox 224 1582 318 1609; x_wconf 84' lang='lat' dir='ltr'>unctis</span> <span class='ocrx_word' id='word_1_214' title='bbox 339 1586 368 1609; x_wconf 87' lang='lat' dir='ltr'>et</span> <span class='ocrx_word' id='word_1_215' title='bbox 391 1581 543 1609; x_wconf 88' lang='lat' dir='ltr'>medicatis</span> <span class='ocrx_word' id='word_1_216' title='bbox 563 1580 667 1608; x_wconf 73' lang='lat' dir='ltr'>adesse</span> <span class='ocrx_word' id='word_1_217' title='bbox 681 1580 826 1616; x_wconf 85' lang='lat' dir='ltr'>juberent,</span> <span class='ocrx_word' id='word_1_218' title='bbox 846 1589 943 1608; x_wconf 81' lang='lat' dir='ltr'>annon</span> <span class='ocrx_word' id='word_1_219' title='bbox 965 1589 1084 1616; x_wconf 89' lang='lat' dir='ltr'>prorsus</span> <span class='ocrx_word' id='word_1_220' title='bbox 1106 1588 1159 1608; x_wconf 88' lang='lat' dir='ltr'>eos</span> <span class='ocrx_word' id='word_1_221' title='bbox 1182 1580 1255 1608; x_wconf 83' lang='lat' dir='ltr'>dare</span> 
     </span>
     <span class='ocr_line' id='line_1_28' title="bbox 222 1626 1254 1663; baseline 0.001 -10"><span class='ocrx_word' id='word_1_222' title='bbox 222 1635 342 1662; x_wconf 87' lang='lat' dir='ltr'>operam</span> <span class='ocrx_word' id='word_1_223' title='bbox 374 1631 406 1654; x_wconf 87' lang='lat' dir='ltr'>ut</span> <span class='ocrx_word' id='word_1_224' title='bbox 436 1636 502 1655; x_wconf 92' lang='lat' dir='ltr'>cum</span> <span class='ocrx_word' id='word_1_225' title='bbox 537 1627 648 1654; x_wconf 91' lang='lat' dir='ltr'>ratione</span> <span class='ocrx_word' id='word_1_226' title='bbox 677 1627 806 1663; x_wconf 86' lang='lat' dir='ltr'>quadam</span> <span class='ocrx_word' id='word_1_227' title='bbox 836 1631 865 1655; x_wconf 92' lang='lat' dir='ltr'>et</span> <span class='ocrx_word' id='word_1_228' title='bbox 895 1626 1051 1663; x_wconf 86' lang='lat' dir='ltr'>prudentia</span> <span class='ocrx_word' id='word_1_229' title='bbox 1081 1626 1254 1659; x_wconf 82' lang='lat' dir='ltr'>insanirent,</span> 
     </span>
     <span class='ocr_line' id='line_1_29' title="bbox 222 1671 1253 1709; baseline 0.001 -10"><span class='ocrx_word' id='word_1_230' title='bbox 222 1671 381 1700; x_wconf 83' lang='lat' dir='ltr'>clamaret?</span> <span class='ocrx_word' id='word_1_231' title='bbox 425 1672 527 1708; x_wconf 86' lang='lat' dir='ltr'>Atque</span> <span class='ocrx_word' id='word_1_232' title='bbox 554 1671 688 1700; x_wconf 89' lang='lat' dir='ltr'>homines</span> <span class='ocrx_word' id='word_1_233' title='bbox 715 1678 814 1701; x_wconf 86' lang='lat' dir='ltr'>tamen</span> <span class='ocrx_word' id='word_1_234' title='bbox 843 1672 929 1700; x_wconf 90' lang='lat' dir='ltr'>simili</span> <span class='ocrx_word' id='word_1_235' title='bbox 957 1672 1108 1700; x_wconf 90' lang='lat' dir='ltr'>malesano</span> <span class='ocrx_word' id='word_1_236' title='bbox 1135 1672 1253 1709; x_wconf 88' lang='lat' dir='ltr'>impetu</span> 
     </span>
     <span class='ocr_line' id='line_1_30' title="bbox 222 1717 1253 1754; baseline 0.002 -10"><span class='ocrx_word' id='word_1_237' title='bbox 222 1721 252 1744; x_wconf 88' lang='lat' dir='ltr'>et</span> <span class='ocrx_word' id='word_1_238' title='bbox 274 1717 487 1754; x_wconf 81' lang='lat' dir='ltr'>conspiratione</span> <span class='ocrx_word' id='word_1_239' title='bbox 507 1717 601 1745; x_wconf 89' lang='lat' dir='ltr'>inutili</span> <span class='ocrx_word' id='word_1_240' title='bbox 623 1717 754 1746; x_wconf 85' lang='lat' dir='ltr'>feruntur</span> <span class='ocrx_word' id='word_1_241' title='bbox 774 1720 802 1747; x_wconf 90' lang='lat' dir='ltr'>in</span> <span class='ocrx_word' id='word_1_242' title='bbox 824 1718 1088 1753; x_wconf 84' lang='lat' dir='ltr'>intellectualibus;</span> <span class='ocrx_word' id='word_1_243' title='bbox 1118 1719 1193 1746; x_wconf 88' lang='lat' dir='ltr'>dum</span> <span class='ocrx_word' id='word_1_244' title='bbox 1213 1718 1253 1746; x_wconf 90' lang='lat' dir='ltr'>ab</span> 
     </span>
     <span class='ocr_line' id='line_1_31' title="bbox 222 1762 1251 1799; baseline 0.003 -9"><span class='ocrx_word' id='word_1_245' title='bbox 222 1763 404 1799; x_wconf 84' lang='lat' dir='ltr'>ingeniorum</span> <span class='ocrx_word' id='word_1_246' title='bbox 430 1763 476 1791; x_wconf 87' lang='lat' dir='ltr'>vel</span> <span class='ocrx_word' id='word_1_247' title='bbox 506 1762 693 1792; x_wconf 86' lang='lat' dir='ltr'>multitudine</span> <span class='ocrx_word' id='word_1_248' title='bbox 718 1769 747 1793; x_wconf 89' lang='lat' dir='ltr'>et</span> <span class='ocrx_word' id='word_1_249' title='bbox 779 1774 921 1793; x_wconf 82' lang='lat' dir='ltr'>consensu</span> <span class='ocrx_word' id='word_1_250' title='bbox 945 1765 990 1793; x_wconf 90' lang='lat' dir='ltr'>vel</span> <span class='ocrx_word' id='word_1_251' title='bbox 1016 1765 1196 1793; x_wconf 86' lang='lat' dir='ltr'>excellentia</span> <span class='ocrx_word' id='word_1_252' title='bbox 1221 1770 1251 1793; x_wconf 89' lang='lat' dir='ltr'>et</span> 
     </span>
     <span class='ocr_line' id='line_1_32' title="bbox 222 1810 1250 1848; baseline 0.002 -11"><span class='ocrx_word' id='word_1_253' title='bbox 222 1810 356 1837; x_wconf 87' lang='lat' dir='ltr'>acumine</span> <span class='ocrx_word' id='word_1_254' title='bbox 377 1819 483 1846; x_wconf 83' lang='lat' dir='ltr'>magna</span> <span class='ocrx_word' id='word_1_255' title='bbox 504 1815 629 1846; x_wconf 84' lang='lat' dir='ltr'>sperant,</span> <span class='ocrx_word' id='word_1_256' title='bbox 646 1815 696 1839; x_wconf 88' lang='lat' dir='ltr'>aut</span> <span class='ocrx_word' id='word_1_257' title='bbox 717 1811 805 1839; x_wconf 87' lang='lat' dir='ltr'>etiam</span> <span class='ocrx_word' id='word_1_258' title='bbox 825 1811 979 1840; x_wconf 84' lang='lat' dir='ltr'>dialectica</span> <span class='ocrx_word' id='word_1_259' title='bbox 996 1812 1084 1848; x_wconf 89' lang='lat' dir='ltr'>(quae</span> <span class='ocrx_word' id='word_1_260' title='bbox 1100 1812 1250 1848; x_wconf 89' lang='lat' dir='ltr'>quaedam</span> 
     </span>
     <span class='ocr_line' id='line_1_33' title="bbox 222 1855 1251 1893; baseline 0.003 -10"><span class='ocrx_word' id='word_1_261' title='bbox 222 1855 361 1884; x_wconf 84' lang='lat' dir='ltr'>athletica</span> <span class='ocrx_word' id='word_1_262' title='bbox 380 1856 489 1884; x_wconf 87' lang='lat' dir='ltr'>censeri</span> <span class='ocrx_word' id='word_1_263' title='bbox 508 1855 613 1893; x_wconf 86' lang='lat' dir='ltr'>possit)</span> <span class='ocrx_word' id='word_1_264' title='bbox 628 1857 734 1885; x_wconf 83' lang='lat' dir='ltr'>mentis</span> <span class='ocrx_word' id='word_1_265' title='bbox 753 1867 856 1886; x_wconf 87' lang='lat' dir='ltr'>nervos</span> <span class='ocrx_word' id='word_1_266' title='bbox 875 1858 1032 1892; x_wconf 86' lang='lat' dir='ltr'>roborant;</span> <span class='ocrx_word' id='word_1_267' title='bbox 1053 1859 1105 1886; x_wconf 88' lang='lat' dir='ltr'>sed</span> <span class='ocrx_word' id='word_1_268' title='bbox 1123 1859 1251 1891; x_wconf 85' lang='lat' dir='ltr'>interim,</span> 
     </span>
     <span class='ocr_line' id='line_1_34' title="bbox 223 1901 1250 1943; baseline 0.005 -15"><span class='ocrx_word' id='word_1_269' title='bbox 223 1901 289 1929; x_wconf 87' lang='lat' dir='ltr'>licet</span> <span class='ocrx_word' id='word_1_270' title='bbox 312 1905 396 1930; x_wconf 84' lang='lat' dir='ltr'>tanto</span> <span class='ocrx_word' id='word_1_271' title='bbox 419 1903 517 1931; x_wconf 85' lang='lat' dir='ltr'>studio</span> <span class='ocrx_word' id='word_1_272' title='bbox 539 1907 568 1931; x_wconf 92' lang='lat' dir='ltr'>ct</span> <span class='ocrx_word' id='word_1_273' title='bbox 592 1909 707 1936; x_wconf 85' lang='lat' dir='ltr'>conatu,</span> <span class='ocrx_word' id='word_1_274' title='bbox 729 1902 764 1940; x_wconf 86' lang='lat' dir='ltr'>(si</span> <span class='ocrx_word' id='word_1_275' title='bbox 785 1904 850 1940; x_wconf 90' lang='lat' dir='ltr'>quis</span> <span class='ocrx_word' id='word_1_276' title='bbox 870 1913 937 1932; x_wconf 84' lang='lat' dir='ltr'>vere</span> <span class='ocrx_word' id='word_1_277' title='bbox 954 1903 1141 1943; x_wconf 88' lang='lat' dir='ltr'>judicaverit)</span> <span class='ocrx_word' id='word_1_278' title='bbox 1161 1904 1250 1933; x_wconf 92' lang='lat' dir='ltr'>intel-</span> 
     </span>
     <span class='ocr_line' id='line_1_35' title="bbox 222 1947 1250 1985; baseline 0.005 -11"><span class='ocrx_word' id='word_1_279' title='bbox 222 1947 330 1975; x_wconf 80' lang='lat' dir='ltr'>lectum</span> <span class='ocrx_word' id='word_1_280' title='bbox 361 1948 472 1976; x_wconf 88' lang='lat' dir='ltr'>nudum</span> <span class='ocrx_word' id='word_1_281' title='bbox 504 1948 651 1985; x_wconf 89' lang='lat' dir='ltr'>applicare</span> <span class='ocrx_word' id='word_1_282' title='bbox 681 1959 738 1977; x_wconf 93' lang='lat' dir='ltr'>non</span> <span class='ocrx_word' id='word_1_283' title='bbox 771 1950 916 1979; x_wconf 87' lang='lat' dir='ltr'>desinunt.</span> <span class='ocrx_word' id='word_1_284' title='bbox 974 1950 1250 1979; x_wconf 85' lang='lat' dir='ltr'>Manifestissimum</span> 
     </span>
     <span class='ocr_line' id='line_1_36' title="bbox 222 1994 1248 2034; baseline 0.006 -14"><span class='ocrx_word' id='word_1_285' title='bbox 222 1997 321 2021; x_wconf 83' lang='lat' dir='ltr'>autem</span> <span class='ocrx_word' id='word_1_286' title='bbox 341 1998 393 2028; x_wconf 89' lang='lat' dir='ltr'>est,</span> <span class='ocrx_word' id='word_1_287' title='bbox 410 1994 439 2021; x_wconf 90' lang='lat' dir='ltr'>in</span> <span class='ocrx_word' id='word_1_288' title='bbox 458 1995 538 2022; x_wconf 90' lang='lat' dir='ltr'>omni</span> <span class='ocrx_word' id='word_1_289' title='bbox 559 2004 647 2031; x_wconf 85' lang='lat' dir='ltr'>opere</span> <span class='ocrx_word' id='word_1_290' title='bbox 667 2005 781 2031; x_wconf 88' lang='lat' dir='ltr'>magno,</span> <span class='ocrx_word' id='word_1_291' title='bbox 798 1997 877 2032; x_wconf 89' lang='lat' dir='ltr'>quod</span> <span class='ocrx_word' id='word_1_292' title='bbox 897 2006 1001 2025; x_wconf 81' lang='lat' dir='ltr'>manus</span> <span class='ocrx_word' id='word_1_293' title='bbox 1020 1997 1148 2025; x_wconf 86' lang='lat' dir='ltr'>hominis</span> <span class='ocrx_word' id='word_1_294' title='bbox 1166 2007 1248 2034; x_wconf 90' lang='lat' dir='ltr'>prae-</span> 
     </span>
     <span class='ocr_line' id='line_1_37' title="bbox 221 2040 1248 2081; baseline 0.006 -15"><span class='ocrx_word' id='word_1_295' title='bbox 221 2043 289 2073; x_wconf 82' lang='lat' dir='ltr'>stat,</span> <span class='ocrx_word' id='word_1_296' title='bbox 315 2040 377 2067; x_wconf 89' lang='lat' dir='ltr'>sine</span> <span class='ocrx_word' id='word_1_297' title='bbox 405 2040 604 2069; x_wconf 82' lang='lat' dir='ltr'>instrumentis</span> <span class='ocrx_word' id='word_1_298' title='bbox 637 2046 666 2069; x_wconf 90' lang='lat' dir='ltr'>et</span> <span class='ocrx_word' id='word_1_299' title='bbox 701 2041 849 2077; x_wconf 87' lang='lat' dir='ltr'>machinis,</span> <span class='ocrx_word' id='word_1_300' title='bbox 877 2043 953 2071; x_wconf 89' lang='lat' dir='ltr'>vires</span> <span class='ocrx_word' id='word_1_301' title='bbox 986 2052 1039 2071; x_wconf 90' lang='lat' dir='ltr'>nec</span> <span class='ocrx_word' id='word_1_302' title='bbox 1067 2044 1248 2081; x_wconf 84' lang='lat' dir='ltr'>singulorum</span> 
     </span>
     <span class='ocr_line' id='line_1_38' title="bbox 222 2086 770 2123; baseline 0.004 -10"><span class='ocrx_word' id='word_1_303' title='bbox 222 2086 333 2114; x_wconf 88' lang='lat' dir='ltr'>intendi</span> <span class='ocrx_word' id='word_1_304' title='bbox 355 2095 408 2114; x_wconf 91' lang='lat' dir='ltr'>nec</span> <span class='ocrx_word' id='word_1_305' title='bbox 428 2087 560 2114; x_wconf 89' lang='lat' dir='ltr'>omnium</span> <span class='ocrx_word' id='word_1_306' title='bbox 580 2087 656 2115; x_wconf 88' lang='lat' dir='ltr'>coire</span> <span class='ocrx_word' id='word_1_307' title='bbox 677 2096 770 2123; x_wconf 89' lang='lat' dir='ltr'>posse.</span> 
     </span>
    </p>

    <p class='ocr_par' dir='ltr' id='par_1_3' title="bbox 222 2132 1249 2217">
     <span class='ocr_line' id='line_1_39' title="bbox 262 2132 1248 2170; baseline 0.007 -11"><span class='ocrx_word' id='word_1_308' title='bbox 262 2132 366 2168; x_wconf 86' lang='lat' dir='ltr'>Itaque</span> <span class='ocrx_word' id='word_1_309' title='bbox 383 2141 422 2160; x_wconf 90' lang='lat' dir='ltr'>ex</span> <span class='ocrx_word' id='word_1_310' title='bbox 441 2132 486 2160; x_wconf 86' lang='lat' dir='ltr'>his</span> <span class='ocrx_word' id='word_1_311' title='bbox 499 2142 575 2169; x_wconf 89' lang='lat' dir='ltr'>quae</span> <span class='ocrx_word' id='word_1_312' title='bbox 592 2134 722 2161; x_wconf 85' lang='lat' dir='ltr'>diximus</span> <span class='ocrx_word' id='word_1_313' title='bbox 736 2134 910 2170; x_wconf 49' lang='lat' dir='ltr'>praemissis</span> <span class='ocrx_word' id='word_1_314' title='bbox 926 2136 1084 2164; x_wconf 85' lang='lat' dir='ltr'>statuimus</span> <span class='ocrx_word' id='word_1_315' title='bbox 1096 2137 1172 2166; x_wconf 89' lang='lat' dir='ltr'>duas</span> <span class='ocrx_word' id='word_1_316' title='bbox 1185 2146 1248 2166; x_wconf 85' lang='lat' dir='ltr'>esse</span> 
     </span>
     <span class='ocr_line' id='line_1_40' title="bbox 222 2178 1249 2217; baseline 0.007 -11"><span class='ocrx_word' id='word_1_317' title='bbox 222 2187 267 2206; x_wconf 91' lang='lat' dir='ltr'>res</span> <span class='ocrx_word' id='word_1_318' title='bbox 285 2179 323 2207; x_wconf 91' lang='lat' dir='ltr'>de</span> <span class='ocrx_word' id='word_1_319' title='bbox 339 2178 446 2216; x_wconf 91' lang='lat' dir='ltr'>quibus</span> <span class='ocrx_word' id='word_1_320' title='bbox 466 2179 600 2207; x_wconf 88' lang='lat' dir='ltr'>homines</span> <span class='ocrx_word' id='word_1_321' title='bbox 620 2179 706 2216; x_wconf 90' lang='lat' dir='ltr'>plane</span> <span class='ocrx_word' id='word_1_322' title='bbox 727 2180 854 2208; x_wconf 85' lang='lat' dir='ltr'>monitos</span> <span class='ocrx_word' id='word_1_323' title='bbox 873 2181 1017 2217; x_wconf 86' lang='lat' dir='ltr'>volumus,</span> <span class='ocrx_word' id='word_1_324' title='bbox 1035 2191 1072 2211; x_wconf 89' lang='lat' dir='ltr'>ne</span> <span class='ocrx_word' id='word_1_325' title='bbox 1085 2182 1162 2212; x_wconf 86' lang='lat' dir='ltr'>forte</span> <span class='ocrx_word' id='word_1_326' title='bbox 1182 2184 1249 2212; x_wconf 84' lang='lat' dir='ltr'>illae</span> 
     </span>
    </p>
   </div>
  </div>
 </body>
</html>
