1473 2622
279 340 337 379 316
613 342 666 368 Νο
672 343 754 368 VUM
771 343 967 369 ORGANUM.
1400 335 1401 339 ’

320 417 423 455 Atque
436 417 475 446 de
488 415 551 446 istis
567 416 659 451 rebus,
673 425 748 453 quae
766 416 902 445 videntur
920 415 1067 453 vulgatae,
1081 415 1154 445 illud
1171 415 1310 446 homines

281 465 429 501 cogitent;
448 463 544 492 solere
562 473 634 490 sane
653 472 705 490 eos
725 462 821 490 adhue
843 462 915 490 nihil
938 463 1018 490 aliud
1045 472 1140 499 agere,
1162 472 1252 500 quam
1274 466 1308 491 ut

282 518 382 538 eorum
409 519 486 546 quae
511 518 575 537 rara
601 513 669 538 sunt
694 517 797 538 musas
819 508 857 537 ad
885 518 919 537 ea
945 518 1022 546 quae
1045 508 1212 546 frequenter
1230 509 1309 538 fiunt·

282 556 409 584 reserant
423 561 453 584 et
467 555 698 590 accommodent,
711 559 743 583 at
756 555 886 592 ipsorum
902 564 978 592 quae
991 555 1157 593 frequenter
1170 556 1310 584 eveniunt

283 603 378 630 nullas
397 611 498 630 causas
516 602 671 638 inquirant,
692 601 744 629 sed
769 610 803 629 &a
824 601 888 637 ipsa
908 602 1051 638 recipiant
1071 606 1215 638 tanquam
1238 611 1310 630 con·

285 656 368 676 cessa
381 653 412 676 et
427 648 562 677 admissa.

323 693 430 731 Itaque
444 703 502 722 non
515 693 660 731 ponderis,
671 702 728 722 non
742 693 894 722 rotationis
904 693 1075 722 coelestium
1084 693 1114 729 ³⁸,
1123 703 1182 723 non
1196 693 1310 729 caloris,

284 749 344 768 non
357 740 478 776 frigoris,
493 749 550 768 non
564 740 689 773 luminis,
704 749 762 768 non
781 740 851 773 duri,
867 749 925 768 non
939 740 1044 775 mollis,
1057 749 1116 768 non
1130 741 1234 775 tenuis,
1248 749 1309 768 non

284 787 376 821 densi,
389 795 447 815 non
461 786 571 823 liquidi,
585 795 643 815 non
659 787 851 821 consistentis,
867 795 926 815 non
939 787 1068 821 animati,
1080 796 1138 816 non
1148 785 1310 822 inanimati,

286 841 346 861 non
368 832 510 867 similaris,
532 841 591 860 non
614 831 802 864 dissimilaris,
827 841 880 860 nec
902 832 1022 861 demum
1048 833 1186 870 organici,
1208 841 1311 861 causas

286 883 450 916 quaerunt;
482 879 534 907 sed
557 879 621 913 illis,
646 882 787 914 tanquam
809 887 862 914 pro
883 879 1066 907 evidentibus
1090 884 1120 908 et
1141 878 1310 914 manifestis,

286 926 420 962 receptis,
441 926 478 953 de
498 926 602 953 ceteris
622 925 715 960 rebuS,
731 934 808 962 quae
829 933 886 953 non
907 929 968 953 tam
990 925 1157 962 frequenter
1177 929 1207 954 et
1227 924 1313 953 fami-

286 971 396 1000 liariter
408 977 569 1006 occurrunt,
585 972 737 1009 disputant
753 977 783 1000 et
794 970 936 1007 judicant.

326 1018 390 1046 Nos
403 1026 480 1052 vero,
494 1018 543 1054 qui
557 1018 627 1046 satis
641 1018 747 1046 scimus
763 1017 875 1045 nullum
888 1018 928 1046 de
942 1018 1028 1046 rebus
1042 1018 1113 1046 raris
1130 1022 1182 1046 aut
1195 1018 1312 1047 notabi-

286 1064 364 1092 libus
382 1064 526 1100 judicium
550 1064 608 1092 fieri
630 1073 724 1100 posse,
747 1064 840 1092 multo
864 1065 960 1092 minus
983 1074 1028 1092 res
1048 1074 1140 1092 novas
1161 1065 1192 1092 in
1215 1064 1314 1092 lucem

288 1109 426 1147 protrahi,
446 1110 557 1148 absque
575 1109 738 1147 vulgarium
760 1119 857 1139 rerum
881 1111 975 1140 causis
995 1115 1025 1139 et
1045 1119 1199 1140 causarum
1219 1110 1314 1139 causis

288 1156 344 1185 rite
358 1157 535 1185 examinatis
555 1161 585 1185 et
604 1157 733 1193 repertis,
748 1157 909 1186 necessario
929 1158 967 1186 ad
988 1166 1033 1185 res
1052 1157 1270 1194 vulgarissimas
1283 1157 1315 1186 in

288 1202 439 1231 historiam
465 1208 594 1232 nostram
620 1203 801 1240 recipiendas
822 1204 1033 1240 compellimur.
1073 1203 1244 1240 Quinetiam
1272 1204 1315 1232 nil

289 1250 384 1286 magis
404 1249 606 1286 philosophiae
625 1249 758 1278 offecisse
781 1250 1028 1286 deprehendimus
1048 1259 1138 1286 quam
1157 1250 1238 1286 quod
1259 1258 1314 1285 res,

290 1304 365 1332 quae
379 1295 534 1323 familiares
548 1299 616 1323 sunt
631 1299 660 1323 et
674 1294 840 1332 frequenter
857 1301 1019 1331 occurrunt,
1032 1295 1315 1332 contemplationem

290 1341 442 1370 hominum
464 1351 522 1369 non
544 1344 692 1370 morentur
712 1346 742 1369 et
762 1342 922 1375 detineant,
942 1342 995 1370 sed
1017 1342 1195 1379 recipiantur
1212 1342 1316 1377 obiter,

290 1397 386 1425 neque
400 1397 500 1416 earum
509 1397 613 1416 causae
626 1388 724 1425 quaeri
741 1388 875 1416 soleant:
896 1392 929 1416 ut
946 1397 1004 1416 non
1023 1389 1139 1425 saepius
1153 1388 1317 1425 requiratur

290 1432 457 1463 informatio
470 1435 508 1463 de
522 1434 608 1463 rebus
622 1433 737 1471 ignotis,
751 1443 840 1471 quam
853 1434 980 1463 attentio
994 1434 1023 1463 in
1038 1434 1122 1463 notis.

755 1515 852 1545 CXX.

331 1577 420 1614 Quod
436 1586 505 1606 vero
520 1577 559 1606 ad
579 1586 674 1605 rerum
693 1577 836 1605 vilitatem
857 1577 971 1610 attinet,
988 1577 1034 1606 vel
1048 1577 1139 1606 etiam
1158 1576 1317 1614 turpitudi⁴

291 1633 368 1659 nem,
384 1624 489 1660 quibus
505 1622 550 1660 (ut
567 1624 610 1652 ait
627 1623 737 1652 Plinius
746 1623 783 1661 ³⁷)
800 1624 895 1652 honos
913 1623 1091 1660 praefandus
1111 1627 1174 1659 est;
1195 1632 1247 1652 eae
1263 1631 1318 1658 res,

293 1679 350 1698 non
373 1671 469 1698 minus
490 1678 578 1706 quam
601 1669 782 1699 lautissimae
803 1675 834 1698 et
856 1671 1091 1708 pretiosissimae,
1113 1671 1142 1698 in
1165 1669 1319 1698 historiam

293 1716 455 1744 naturalem
471 1716 655 1752 recipiendae
667 1721 742 1744 sunt.
784 1716 890 1752 Neque
908 1719 1063 1753 propterea
1080 1715 1221 1753 polluitur
1233 1718 1320 1744 uatu-

292 1802 332 1827 501-
352 1803 395 1826 the
412 1809 562 1827 occurrence
580 1803 605 1826 in
623 1803 666 1828 the
686 1803 787 1828 Natura!
808 1804 911 1835 Histoi-y
931 1804 961 1828 of
975 1811 1091 1828 common
1110 1803 1200 1834 thina.
1217 1803 1246 1828 of
1262 1803 1323 1828 base

293 1839 381 1870 things,
394 1840 442 1864 and
453 1839 482 1864 os
489 1840 569 1864 subtle
580 1840 668 1871 things.

325 1875 347 1890 ²⁸
363 1877 405 1901 To
420 1878 480 1902 have
497 1878 571 1902 asked
587 1878 635 1902 this
652 1878 763 1909 question
781 1878 869 1903 should
885 1878 965 1910 surely
981 1877 1013 1903 be
1029 1882 1074 1909 put
1089 1877 1162 1903 down
1177 1880 1205 1902 to
1218 1877 1323 1902 Baeon'a

292 1915 379 1939 credit.
399 1914 457 1938 The
468 1924 533 1940 cause
543 1915 571 1939 of
579 1915 621 1939 the
632 1916 737 1939 celestia]
748 1915 856 1939 motions
867 1922 915 1939 was
926 1915 978 1939 first
988 1914 1131 1939 discovered
1142 1914 1175 1946 by
1187 1914 1305 1939 Nemori.

324 1950 345 1965 ¹⁷
361 1952 368 1965 ⁴
379 1951 471 1976 Rerum
484 1956 578 1983 natura,
590 1952 637 1976 hoc
652 1956 696 1983 est,
707 1953 758 1976 vita
773 1955 893 1982 narratur,
905 1956 931 1976 et
945 1952 1006 1976 haec
1020 1951 1185 1976 smdidisirna
1195 1951 1232 1976 sui
1242 1952 1323 1983 parte.

293 1992 322 2013 ut
339 1988 495 2019 plurimarum
511 1996 593 2014 rerum
610 1992 654 2014 aut
668 1990 765 2014 rusticis
781 1990 902 2014 vocabulis
919 1992 963 2014 aut
982 1991 1097 2020 externis,
1113 1989 1189 2014 immo
1205 1987 1324 2018 barbaris,

294 2025 370 2050 etiam
384 2033 441 2050 cum
454 2026 554 2050 honoris
568 2026 719 2058 praefatione
733 2026 867 2058 ponendis!
900 2025 958 2050 Nat.
969 2026 1044 2058 nist„
1055 2026 1096 2050 lib.
1106 2026 1123 2051 i.
1136 2026 1168 2050 ad
1178 2025 1232 2050 init.
1265 2025 1323 2050 The

295 2063 436 2094 expression
448 2063 581 2088 ‘honorem
592 2063 708 2095 praefari·
721 2071 804 2088 means
815 2065 856 2088 ‘to
867 2063 1005 2095 apologise:
1021 2064 1064 2088 ‘to
1073 2063 1116 2088 ask
1130 2062 1287 2095 penulasion’
1298 2062 1324 2088 ὶιι

295 2100 364 2131 using
382 2107 413 2124 an
433 2099 562 2124 indelicate
578 2100 673 2132 phrase.
715 2101 760 2132 Cp.
781 2101 877 2131 Cicero,
897 2101 1022 2132 Epistulae
1040 2100 1072 2124 nd
1092 2100 1218 2130 nive-sos,
1233 2100 1276 2125 ub.
1290 2099 1324 2125 lx.

295 2145 334 2169 ep.
350 2145 396 2162 aa:
414 2138 422 2151 ¹
432 2138 455 2162 Si
475 2137 584 2167 dicimus,
602 2138 642 2162 ille
660 2141 755 2168 patrem
774 2138 938 2168 strangulavit,
959 2137 1080 2162 honorem
1102 2145 1153 2163 non
1174 2137 1324 2171 praefamur.

295 2175 337 2200 Sin
347 2175 380 2200 de
391 2175 489 2201 Aurelia
501 2175 600 2207 aliquid,
609 2178 653 2200 aut
664 2175 758 2202 Lollia:
775 2175 854 2201 honos
864 2175 1009 2208 praefandus
1019 2174 1074 2201 est!

1215 2347 1406 2424 ΑΔ
