1473 2622
284 332 338 369 158
679 336 907 362 PRAEFATIO.

279 418 398 438 omnem
418 409 500 438 illam
523 409 662 438 librorum
678 409 851 439 varietatem
870 418 930 447 qua
949 413 1027 439 artes
1047 414 1078 440 et
1096 410 1237 441 scientiae
1253 420 1310 441 ex-

279 455 377 484 ultant
403 455 571 492 diligentius
598 455 788 492 introspiciat,
814 457 924 492 ubique
951 457 1081 484 inveniet
1107 457 1240 493 ejusdem
1267 457 1310 486 rei

280 501 468 539 repetitiones
478 501 615 535 infinitas,
625 501 772 530 tractandi
787 502 883 530 modis
895 501 1032 536 diversas,
1044 502 1214 532 inventione
1222 512 1310 540 prae-

279 552 455 584 occupatas;
482 551 515 576 ut
531 547 630 576 omnia
650 548 746 585 primo
763 547 870 576 intuitu
889 556 1052 583 numerosa,
1069 547 1146 577 facto
1168 550 1310 579 examine

279 603 373 630 pauca
406 594 592 630 reperiantur.
646 593 687 622 Et
714 594 751 621 de
779 593 906 621 utilitate
934 597 1037 630 aperte
1065 595 1225 623 dicendum
1252 599 1308 630 oet,

278 640 452 677 sapientiam
470 639 555 668 istam
568 649 658 676 quam
671 648 690 668 a
706 638 825 668 Graecis
842 638 1028 676 potissimum
1045 638 1196 669 hausimus
1210 641 1308 678 pueri-

278 686 350 715 tiam
370 685 519 722 quandam
541 685 680 713 scientiae
698 685 798 718 videri,
815 688 906 721 atque
925 685 1034 713 habere
1053 685 1132 722 quod
1155 687 1307 723 proprium

279 735 323 760 est
350 740 514 768 puerorum,
539 734 572 759 ut
598 731 635 759 ad
662 731 847 766 garriendum
874 734 1020 766 prompta,
1044 731 1082 759 ad
1102 733 1307 767 generandum

278 778 405 807 invalida
416 782 446 806 et
456 778 612 806 immatura
623 777 669 806 sit.
712 775 981 805 controversiarum
993 777 1072 805 enim
1082 776 1174 813 ferax,
1180 787 1306 815 operum

278 824 384 853 effoeta
398 827 451 852 est.
490 823 580 851 Adeo
594 827 626 851 ut
640 822 737 850 sabula
753 822 803 850 illa
816 822 854 850 de
866 821 968 857 Scylla
981 822 1009 850 in
1024 821 1172 850 literarum
1185 827 1306 860 statum,

277 871 372 908 qualis
390 870 522 904 habetur,
538 870 576 897 ad
592 870 692 896 vivum
708 870 852 905 quadrare
863 869 1015 903 videatur3
1036 878 1113 905 quae
1131 869 1254 906 virginis
1271 879 1306 899 os

277 920 308 945 et
320 916 433 944 vultum
448 915 562 950 extulit,
575 915 614 943 ad
632 920 747 943 uterum
760 924 829 943 vero
849 919 980 943 monstra
999 913 1136 943 latrantia
1153 915 1306 953 succinge·

277 962 385 990 bantur
406 966 436 989 et
459 961 666 989 adhaerebant.
715 961 762 988 Ita
785 960 897 988 habent
918 964 949 988 et
970 961 1110 988 scientiae
1132 961 1240 997 quibus
1261 961 1306 991 in·

277 1009 424 1036 saevimus
439 1006 587 1042 generalia
605 1006 751 1042 quaedam
767 1006 948 1035 blandientia
965 1010 994 1034 et
1012 1006 1151 1042 speciosa,
1165 1007 1219 1036 sed
1235 1016 1303 1036 cum

277 1053 315 1082 ad
339 1052 526 1090 particularia
545 1056 666 1081 ventum
687 1051 732 1086 sit,
751 1051 842 1081 veluti
866 1052 904 1080 ad
926 1055 1024 1089 partes
1046 1052 1251 1089 generationis,
1271 1059 1304 1083 ut

276 1099 402 1127 fructum
420 1103 448 1126 et
462 1107 551 1135 opera
567 1107 607 1126 ex
623 1107 655 1125 se
674 1098 772 1133 edant,
787 1101 850 1126 tum
865 1097 1066 1126 contentiones
1080 1102 1110 1126 et
1123 1098 1304 1128 oblatrantes

277 1145 490 1182 disputationes
517 1144 696 1178 exoriuntur,
720 1144 748 1172 in
772 1153 845 1180 quas
872 1143 1018 1178 desinunt,
1041 1147 1072 1172 et
1098 1153 1175 1180 quae
1201 1148 1305 1181 partus

276 1191 374 1220 locum
395 1191 539 1219 obtinent.
579 1190 740 1224 Praeterea,
760 1190 784 1218 si
803 1189 971 1226 hujusmodi
991 1189 1130 1218 scientiae
1148 1189 1238 1227 plane
1256 1200 1303 1220 res

277 1241 391 1266 mortua
407 1246 466 1265 non
484 1240 587 1270 essent,
602 1237 632 1264 id
654 1236 773 1264 minime
787 1236 902 1264 videtur
920 1239 1091 1264 eventurum
1113 1235 1203 1265 fuisse
1221 1237 1302 1273 quod

276 1292 329 1320 per
348 1283 443 1310 multa
461 1282 521 1319 jam
544 1281 658 1310 saecula
680 1291 733 1310 usu
752 1282 838 1317 venit,
857 1285 890 1310 ut
911 1281 979 1310 illae
999 1281 1059 1310 suis
1081 1281 1222 1311 immotae
1243 1283 1303 1312 fere

275 1328 415 1357 haereant
423 1327 560 1364 vestigiis,
569 1336 622 1356 nec
630 1327 808 1356 incrementa
815 1336 922 1364 genere
931 1326 1062 1356 humano
1068 1327 1159 1364 digna
1167 1333 1302 1358 sumant:

277 1383 313 1402 eo
326 1383 426 1410 usque,
441 1378 473 1402 ut
491 1383 701 1409 saepenumero
721 1383 778 1401 non
796 1373 890 1401 solum
908 1374 1029 1402 assertio
1048 1378 1166 1402 maneat
1178 1375 1302 1403 assertio

275 1421 327 1449 sed
343 1421 432 1449 etiam
448 1419 581 1456 quaestio
599 1425 717 1449 maneat
733 1420 875 1457 quaestio,
889 1423 918 1449 et
939 1429 991 1457 per
1007 1419 1222 1456 disputationes
1241 1430 1303 1450 non

275 1466 405 1495 solvatur
425 1467 477 1495 sed
496 1465 604 1502 figatur
624 1470 655 1494 et
674 1466 776 1500 alatur,
792 1466 946 1502 omnisque
965 1466 1084 1494 traditio
1105 1470 1135 1495 et
1154 1466 1302 1496 successio

275 1513 492 1549 disciplinarum
514 1515 712 1548 repraesentet
735 1516 765 1540 et
787 1512 928 1540 exhibeat
956 1521 1096 1548 personas
1117 1513 1253 1549 magistri
1271 1518 1302 1542 et

274 1559 421 1594 auditoris,
436 1568 494 1587 non
511 1559 670 1587 inventoris
689 1562 719 1587 et
735 1558 799 1595 ejus
815 1559 864 1596 qui
885 1559 1011 1587 inventis
1031 1558 1140 1596 aliquid
1157 1559 1302 1588 eximium

274 1604 403 1641 adjiciat.
451 1605 487 1633 In
510 1604 623 1633 artibus
648 1609 749 1633 autem
778 1604 953 1633 mechanicis
981 1605 1157 1633 contrarium
1184 1605 1303 1634 evenire

274 1651 424 1685 videmus;
445 1659 528 1688 quae,
543 1659 576 1678 ac
594 1651 617 1678 si
637 1659 724 1678 aurae
738 1650 890 1687 enjusdam
906 1651 1004 1679 vitalis
1021 1651 1117 1679 forent
1134 1651 1301 1688 participes,

274 1697 406 1733 quotidie
423 1700 558 1725 crescunt
571 1700 601 1725 et
614 1696 810 1732 perficiuntur,
824 1701 853 1725 et
868 1696 896 1725 in
913 1696 1014 1733 primis
1027 1696 1199 1726 authoribus
1212 1697 1302 1726 rudes

273 1742 435 1779 plerunque
453 1746 483 1769 et
501 1741 561 1770 sere
578 1750 718 1770 onerosae
738 1747 768 1770 et
787 1742 926 1770 informes
941 1746 1091 1779 apparent,
1105 1746 1211 1779 posta
1228 1751 1300 1772 vero

274 1797 364 1816 novas
389 1789 511 1826 uirtutes
538 1792 568 1816 et
591 1789 833 1817 commoditatem
860 1789 1008 1825 quandam
1033 1789 1244 1826 adipiscuntur,
1263 1798 1301 1818 eo

274 1843 373 1871 usque,
394 1838 426 1863 ut
450 1834 535 1862 citius
555 1834 655 1863 studia
676 1834 830 1863 hominum
853 1839 883 1863 et
908 1835 1084 1872 cupiditates
1106 1835 1246 1864 deficiant
1268 1840 1300 1864 et

273 1885 430 1915 mutentur,
448 1889 537 1918 quam
559 1880 625 1909 illae
646 1881 683 1909 ad
708 1881 823 1910 culmen
845 1886 875 1910 et
895 1881 1103 1919 perfectionem
1122 1891 1208 1910 suam
1230 1889 1301 1920 per-

271 1927 411 1954 venerint.
461 1926 648 1964 Philosophia
671 1931 772 1955 contra
792 1931 822 1956 et
841 1927 980 1956 scientiae
999 1928 1220 1963 intellectuales,
1236 1933 1300 1958 sta-

271 1975 387 2001 tuarum
406 1981 494 2007 more,
507 1973 665 2001 adorantur
678 1977 708 2002 et
724 1972 915 2008 celebrantur,
929 1974 983 2002 sed
999 1983 1058 2002 non
1078 1978 1299 2011 promoventur.

271 2017 353 2056 Quin
367 2018 457 2047 etiam
475 2018 503 2046 in
522 2018 616 2055 primo
630 2028 839 2056 nonnunquam
854 2020 979 2049 authore
996 2020 1129 2049 maxime
1143 2020 1254 2058 vigent,
1267 2024 1300 2050 et

269 2065 409 2101 deinceps
429 2065 615 2100 degenerant.
655 2065 733 2094 Nam
755 2070 913 2103 postquam
931 2065 1065 2095 homines
1081 2066 1208 2096 dedititii
1227 2066 1297 2096 sacti

269 2111 329 2139 sint
345 2114 374 2139 et
395 2110 425 2139 in
445 2111 530 2139 unius
550 2113 725 2140 sententiam
746 2111 901 2150 (tanquam
921 2113 1032 2150 pedarii
1051 2111 1216 2151 senatores)
1234 2113 1299 2142 oei-

269 2156 351 2192 erint,
374 2156 502 2185 scientiis
520 2156 591 2194 ipsis
609 2157 836 2195 amplitudinem
860 2167 918 2189 non
938 2159 1061 2195 addunt,
1081 2159 1133 2188 sed
1157 2158 1189 2188 in
1207 2159 1299 2188 certis

76 2406 79 2414 ι
134 2395 196 2422 ὲ
1207 2418 1229 2422 ,
1252 2367 1405 2423 *aad
