1473 2622
287 338 300 361 1
306 331 344 370 76
593 335 660 360 DIS
661 335 687 360 Τ
682 334 748 360 RIB
752 333 839 360 OTIO
859 330 1004 360 OPERIS.

325 409 421 438 Sexta
437 409 559 438 tandem
576 417 644 445 pars
659 409 756 446 operis
776 408 869 437 nostri
882 407 942 447 (cui
959 407 1090 445 reliquae
1105 406 1268 438 inserviunt
1278 414 1319 438 ae

287 454 465 493 ministrant)
488 464 553 484 eam
577 455 698 483 demum
721 455 845 483 recludit
869 458 899 483 et
925 455 1063 491 proponit
1087 454 1317 492 philosophiam.
1355 447 1361 457 ⁹

286 510 364 539 quae
380 510 421 530 ex
439 500 609 538 hujusmodi
623 499 755 538 (qualem
772 504 843 530 ante
860 499 1015 530 docuimus
1031 504 1063 529 et
1078 498 1260 539 paravimus)
1272 501 1319 530 in-

288 547 444 584 quisitione
459 546 591 584 legitima
607 551 637 575 et
656 549 737 575 casta
753 550 783 575 et
801 555 902 575 severa
922 546 1056 575 educitur
1073 549 1103 575 et
1118 547 1317 576 constituitur.

290 593 378 622 Hanc
396 603 468 622 vero
494 596 676 630 postremam
699 596 813 630 partem
836 592 977 629 perficere
999 595 1031 620 et
1052 592 1091 620 ad
1113 593 1229 621 exitum
1250 603 1319 630 per-

288 639 402 674 ducere,
419 648 464 668 res
484 642 530 668 est
548 642 578 668 et
598 647 687 676 supra
703 638 780 668 vires
796 642 826 668 et
844 638 922 667 ultra
942 647 1010 676 spes
1028 642 1142 668 nostras
1162 639 1318 669 collocata.

287 685 352 714 Nos
372 685 397 714 ei
416 685 498 714 initia
512 685 559 723 (ut
575 684 738 722 speramus)
753 694 811 713 non
829 685 1054 719 contemnenda,
1068 685 1184 714 exitum
1199 685 1320 722 generis

286 731 407 760 humani
433 731 550 760 fortuna
574 731 665 765 dabit,
689 731 807 767 qualern
828 731 904 759 sorte
927 731 1063 760 homines
1084 731 1114 759 in
1136 731 1194 760 hoc
1219 735 1321 760 rerum'

287 781 319 806 et
331 777 495 806 animorum
509 781 589 806 statu
600 777 680 806 haud
693 777 778 806 facile
791 777 891 806 animo
901 785 1006 814 capere
1019 782 1072 806 aut
1087 777 1183 806 metiri
1196 782 1319 815 queant.

288 823 395 860 Neque
414 823 493 852 enim
512 823 610 861 agitur
630 823 726 851 solum
751 823 895 852 foelicitas
917 823 1155 860 contemplativa,
1177 823 1231 852 sed
1248 832 1320 852 vere

289 879 333 898 res
345 869 489 897 humanae
503 874 533 897 et
546 869 689 903 fortunae,
698 873 788 906 atque
799 869 894 897 omnis
908 878 1029 906 operum
1043 870 1186 906 potentia.
1214 869 1321 898 Homo

289 915 368 945 enim
388 920 510 944 naturae
530 915 662 944 minister
678 920 708 944 et
729 915 870 952 interpres
891 919 1009 944 tantum
1028 915 1098 945 facit
1120 920 1150 945 et
1170 915 1321 953 intelligit.

289 966 431 998 quantum
455 962 493 989 de
514 965 635 990 naturae
658 961 767 996 ordine,
792 970 882 998 opere
902 961 949 989 vel
972 965 1080 996 mente,
1097 961 1319 993 observaverit:

290 1016 344 1035 nec
357 1007 482 1044 amplius
496 1008 560 1039 scit.
571 1011 623 1036 aut
636 1011 742 1044 potest.
777 1007 883 1043 Neque
893 1007 972 1036 enim
986 1007 1063 1036 ullae
1074 1008 1151 1036 vires
1163 1017 1321 1036 causarum

287 1057 423 1082 catenam
444 1053 556 1082 solvere
575 1058 626 1082 aut
645 1053 822 1091 perfringere
842 1053 973 1091 possint;
994 1061 1090 1091 neque
1109 1059 1214 1083 natura
1233 1053 1323 1083 aliter

288 1107 380 1136 quam
406 1099 537 1136 parendo
560 1099 692 1128 vincitur.
744 1099 850 1136 Itaque
876 1099 1052 1128 intentiones
1077 1100 1214 1137 geminae
1242 1099 1322 1136 illae,

290 1145 437 1173 humanae
446 1145 558 1173 scilicet
569 1145 714 1173 Scientias
722 1149 753 1173 et
763 1145 920 1180 Potentiae,
929 1155 998 1174 vere
1006 1145 1036 1173 in
1045 1146 1124 1174 idem
1133 1146 1321 1182 coincidunt3

289 1195 320 1220 et
333 1190 480 1220 frustratio
496 1200 619 1228 operum
634 1191 766 1220 maxime
778 1190 812 1220 fit
826 1201 866 1220 ex
881 1191 1064 1228 ignoratione
1076 1200 1241 1221 causarum.

328 1237 432 1273 Atque
447 1237 478 1265 in
494 1246 530 1266 eo
548 1241 617 1266 sunt
635 1237 742 1270 omnia,
756 1237 848 1273 siquis
864 1237 965 1265 oculos
984 1237 1092 1266 mentis
1107 1247 1125 1267 a
1144 1238 1231 1267 rebus
1246 1237 1321 1275 ipsis

290 1292 442 1320 nunquam
464 1283 610 1320 dejiciens,
631 1293 730 1311 earum
752 1283 893 1320 imagines
917 1283 1005 1320 plane
1031 1287 1064 1312 ut
1090 1287 1160 1312 sunt
1179 1284 1318 1321 excipiat.

291 1329 398 1366 Neque
413 1329 491 1356 enim
504 1329 560 1358 hoc
575 1329 676 1358 siverit
690 1329 779 1363 Deus,
794 1333 827 1357 ut
846 1327 1020 1365 phantasiae
1037 1333 1154 1359 nostrae
1170 1330 1321 1359 somnium

290 1383 345 1412 pro
363 1374 526 1411 exemplari
544 1375 646 1403 mundi
667 1375 808 1403 edamus:
829 1375 881 1402 sed
901 1374 999 1411 potius
1015 1375 1141 1412 benigne
1161 1375 1268 1411 faveat,
1287 1380 1323 1405 ut

290 1421 493 1457 apocalypsim
525 1431 560 1450 ac
585 1430 685 1450 veram
712 1421 853 1450 visionem
885 1421 1075 1457 vestigiorum
1101 1425 1132 1450 et
1156 1421 1321 1458 sigillorum

291 1467 430 1496 creatoris
445 1475 531 1504 super
543 1471 690 1495 creaturas
703 1466 871 1495 scribamus.
886 1475 894 1480 ·

332 1513 437 1550 Itaque
461 1513 507 1541 Tu
530 1513 624 1546 Pater,
648 1513 697 1549 qui
719 1513 815 1540 lucem
838 1512 984 1541 visibilem
1005 1513 1149 1550 primitias
1170 1517 1323 1545 creaturae

291 1559 407 1595 dedisti,
423 1563 453 1588 et
473 1559 567 1588 lucem
586 1559 813 1587 intellectualem
832 1559 871 1587 ad
890 1558 1039 1596 fastigium
1058 1568 1180 1596 operum
1201 1562 1322 1588 tuorum

292 1605 323 1634 in
343 1605 446 1634 faciem
466 1604 593 1634 hominis
614 1605 777 1642 inspirasti3
802 1613 877 1641 opus
896 1604 959 1638 hoc.
977 1605 1057 1642 quod
1077 1614 1096 1634 a
1114 1609 1167 1634 tua
1186 1605 1323 1634 bonitate

293 1651 457 1688 profectum
475 1656 559 1679 tuam
576 1651 701 1688 gloriam
716 1651 829 1687 repetit,
843 1654 926 1679 tuere
939 1655 969 1680 et
983 1660 1059 1688 rege.
1099 1651 1146 1679 Tu
1160 1656 1322 1689 postquam

292 1706 450 1726 conversus
484 1707 514 1726 es
547 1698 585 1726 ad
619 1697 814 1734 spectandum
842 1707 931 1734 opera
957 1707 1032 1734 quae
1058 1697 1190 1726 fecerunt
1215 1707 1322 1729 manus

293 1747 370 1778 tuae,
389 1743 487 1772 vidisti
509 1743 591 1780 quod
612 1743 713 1772 omnia
733 1747 831 1771 essent
851 1742 929 1772 bona
952 1742 1059 1778 valde3
1089 1747 1121 1773 et
1145 1743 1322 1780 requievisti.

291 1789 339 1818 At
364 1789 453 1818 homo
482 1799 639 1818 conversus
665 1790 703 1818 ad
730 1798 820 1826 opera
849 1798 926 1826 quae
952 1789 1082 1818 fecerunt
1109 1798 1215 1818 manus
1241 1798 1322 1825 suae,

293 1835 366 1864 vidit
393 1835 473 1872 quod
503 1835 602 1863 omnia
630 1838 727 1863 essent
754 1835 868 1863 vanitas
894 1839 925 1864 et
950 1835 1072 1864 vexatio
1097 1836 1233 1872 spiritu33
1267 1844 1324 1864 uec

294 1881 355 1910 ullo
381 1881 472 1910 modo
498 1880 649 1918 requievit,
703 1880 802 1918 Quare
835 1881 859 1909 si
889 1881 918 1910 in
946 1881 1084 1919 operibus
1116 1882 1175 1910 tuis
1202 1881 1324 1911 sudabi-

294 1935 368 1961 mus,
383 1927 472 1955 facies
488 1936 541 1955 nos
559 1927 681 1955 visionis
700 1931 770 1955 tuae
789 1931 820 1955 et
839 1927 956 1956 sabbati
974 1928 1018 1956 tui
1038 1928 1203 1966 participes
1243 1927 1324 1966 Sup-

353 1973 443 2010 plices
467 1974 603 2010 petimus,
624 1977 658 2002 ut
683 1972 758 2002 haec
783 1982 867 2002 mens
890 1973 976 2002 nobis
1001 1978 1138 2009 conetet3
1170 1978 1265 2012 utque

467 2018 550 2048 novis
570 2017 772 2055 eleemosynis,
789 2028 843 2055 per
862 2028 967 2048 manus
985 2024 1100 2049 nostras
1119 2024 1151 2050 et

526 2065 649 2093 aliorum
674 2065 781 2100 quibus
807 2065 932 2094 eandem
959 2070 1090 2095 mentem

596 2110 734 2148 largieris,
755 2111 895 2140 familiam
915 2110 1022 2141 huma·

647 2166 716 2186 nam
737 2157 870 2187 dotatam
891 2157 972 2188 velis.
