1473 2622
279 354 338 381 404
617 348 669 373 Νο
675 348 756 373 VUM
774 348 968 374 ORGANUM.

358 420 510 450 subtilius:
531 420 584 449 sed
603 420 672 457 quia
686 424 786 449 motus
805 421 949 457 ejusmodi
970 425 1014 450 est
1032 421 1129 449 lentus
1143 421 1308 450 admodum

359 472 388 496 et
402 476 455 504 per
467 466 625 503 particulas
637 466 724 495 valde
739 467 841 501 exiles,
858 476 917 495 non
931 467 1091 504 percipitur
1103 468 1192 496 calor.

397 513 572 542 ostenditur
592 513 681 541 etiam
701 513 730 541 in
751 514 970 550 comparatione
991 513 1218 542 dissolutionum
1240 514 1309 542 ferri

358 563 388 588 et
408 559 469 587 auri
478 559 510 587 ²⁰.
550 558 667 587 Aurum
687 559 766 587 enim
789 559 958 587 dissolvitur
977 559 1089 596 absque
1109 560 1206 588 calore
1226 560 1309 588 exci-

357 608 440 640 tat03
468 605 576 633 sermm
597 609 698 634 autem
718 615 785 634 cum
805 606 973 634 vehementi
994 607 1173 635 excitatione
1193 606 1308 641 caloris,

358 652 425 680 licet
449 652 536 680 simili
557 652 616 680 sere
637 652 791 680 intervallo
811 653 910 689 quoad
931 657 1056 689 tempus.
1096 653 1174 690 Quia
1194 653 1308 681 scilicet

358 697 387 725 in
405 707 484 733 auro,
498 697 645 735 ingressus
663 707 758 735 aquae
777 698 970 734 separationis
988 702 1033 726 est
1052 698 1180 727 clemens
1195 703 1224 727 et
1239 698 1308 727 sub—

357 743 448 772 tiliter
462 744 616 776 insinuans,
632 748 662 772 et
678 744 771 772 cessio
785 744 913 781 partium
926 744 989 772 auri
1003 744 1112 779 sacilis3
1132 748 1163 772 at
1177 745 1206 772 in
1221 744 1307 779 ferro,

358 790 503 826 ingressus
517 794 561 818 est
573 798 660 826 asper
673 794 703 818 et
717 799 784 818 cum
799 790 944 825 conflictu,
958 793 988 818 et
1002 795 1100 827 partes
1113 790 1179 818 ferri
1193 790 1307 818 habent

357 835 585 864 obstinationem
600 835 750 872 majorem.

396 881 572 910 Ostenditur
594 882 683 909 etiarn
704 882 888 918 aliquatenus
910 881 939 910 in
960 882 1134 918 gangraenis
1158 881 1307 910 nonnullis

357 931 387 955 et
402 927 672 956 mortificationibus
686 928 835 961 carnium;
852 936 929 963 quae
942 937 1001 956 non
1015 929 1147 956 excitant
1162 937 1305 964 magnum

357 973 483 1001 calorem
497 977 549 1001 aut
562 972 703 1007 dolorem,
716 973 755 1001 ob
769 973 963 1002 subtilitatem
978 973 1207 1010 putrefactionis.

318 1059 420 1096 Atque
442 1060 514 1088 haec
538 1060 575 1089 sit
594 1060 704 1088 Prima
731 1059 933 1095 Vindemiatio,
953 1061 1013 1089 sive
1032 1061 1234 1098 Interpretatio
1258 1061 1304 1089 in-

277 1106 378 1135 clwata
391 1106 429 1134 de
443 1106 551 1135 Forma
566 1106 670 1142 Calidi,
684 1106 762 1135 sacta
775 1116 829 1143 per
840 1107 1065 1135 Permissionem
1078 1108 1248 1136 Intellectus.

319 1152 369 1180 Ex
397 1152 624 1181 Vindemiatione
642 1156 743 1181 autem
763 1153 820 1181 ista
839 1153 954 1186 Prima,
975 1153 1070 1181 forma
1089 1154 1150 1182 sive
1169 1153 1304 1182 definitio

278 1198 375 1228 vera²1
388 1199 491 1228 caloris
504 1198 580 1236 (ejus
596 1199 646 1236 qui
667 1203 712 1228 est
731 1199 761 1227 in
782 1199 885 1227 ordine
905 1199 943 1227 ad
963 1200 1138 1234 universum,
1153 1209 1210 1228 non
1229 1200 1305 1228 rela-

278 1245 355 1273 tivus
368 1246 576 1273 tantummodo
595 1245 633 1273 ad
650 1244 782 1282 sensum)
798 1245 867 1273 talis
885 1249 937 1280 est,
950 1245 1031 1274 brevi
1049 1246 1203 1274 verborum
1222 1255 1305 1274 com-

278 1290 387 1327 plexu:
421 1290 507 1320 Calor
530 1294 574 1318 est
598 1295 692 1318 motus
716 1291 897 1327 expansivus,
920 1290 1067 1326 cohibitus,
1089 1296 1118 1319 et
1138 1292 1233 1319 nitens
1249 1297 1308 1328 per

270 1341 372 1373 partes
390 1336 522 1365 minores.
563 1336 753 1364 Modificatur
770 1341 869 1365 autem
888 1338 1050 1373 expansio:
1074 1342 1108 1366 ut
1123 1338 1306 1374 expandendo

277 1383 309 1411 in
339 1383 479 1411 ambitum
488 1382 521 1417 ²²,
551 1382 685 1410 nonnihil
713 1387 809 1411 tamen
839 1383 956 1411 inclinet
986 1392 1084 1411 versus
1112 1384 1261 1419 superiora
1270 1384 1304 1414 ²³.

278 1428 466 1457 Modificatur
479 1433 579 1457 autem
597 1432 627 1456 et
645 1428 733 1456 nixus
751 1428 800 1457 ille
818 1437 871 1465 per
886 1433 1002 1465 partes;
1023 1433 1057 1457 ut
1068 1439 1122 1457 non
1135 1430 1176 1457 sit
1187 1431 1305 1459 omnino

275 1476 378 1512 segnis,
398 1475 450 1504 sed
468 1475 604 1504 incitatus
623 1479 652 1502 et
668 1484 733 1502 cum
754 1475 859 1511 impetu
879 1475 1021 1503 nonnullo.

316 1522 406 1559 Quod
425 1531 494 1550 vero
515 1521 553 1549 ad
575 1521 767 1558 Operativam
787 1521 902 1555 attinet,
927 1522 1032 1549 eadem
1057 1530 1102 1549 res
1128 1525 1181 1550 est.
1222 1522 1304 1551 Nam

277 1568 442 1605 designatio
457 1572 501 1596 est
519 1568 603 1596 talis:
626 1567 666 1595 Si
685 1567 716 1595 in
735 1567 832 1603 aliquo
850 1572 963 1604 corpore
982 1568 1116 1595 naturali
1126 1569 1236 1604 poteris
1254 1578 1304 1597 ex-

275 1615 366 1643 citare
389 1619 498 1643 motum
521 1613 563 1641 ad
580 1622 611 1641 se
633 1612 819 1641 dilatandum
844 1618 898 1641 aut
921 1613 1160 1652 expandendum-,·
1186 1624 1306 1651 cumque

276 1665 384 1688 motum
396 1661 439 1688 ita
448 1660 602 1696 reprimere
608 1664 637 1687 et
647 1660 677 1687 in
687 1668 717 1687 se
726 1664 841 1695 vertere,
849 1664 884 1688 ut
889 1660 1025 1688 dilatatio
1040 1660 1092 1688 illa
1105 1670 1160 1688 non
1167 1661 1308 1697 procedat

275 1706 444 1742 aequaliter,
457 1704 510 1733 sed
513 1705 627 1741 partim
641 1705 772 1740 obtineat,
780 1705 896 1742 partim
911 1705 1082 1734 retrudatur
1089 1717 1102 1740 ‚·
1116 1708 1306 1743 proculdubio

270 1752 425 1788 generabis
443 1749 589 1780 balidzcm:
616 1761 675 1780 non
696 1751 799 1780 habita
819 1753 940 1787 ratione,
960 1753 1022 1781 sive
1041 1762 1145 1789 corpus
1169 1754 1241 1782 illud
1266 1755 1306 1783 sit

275 1798 454 1826 elementare
467 1797 513 1835 (ut
527 1796 705 1836 loquuntur),
722 1798 784 1826 sive
797 1798 944 1827 imbutum
958 1808 976 1827 a
990 1799 1167 1828 coelestibus
1175 1799 1218 1834 ²⁴3
1243 1801 1305 1829 sive

305 1912 326 1927 ¹⁰
343 1913 385 1937 He
402 1913 421 1937 is
437 1912 496 1937 here
512 1913 618 1943 alluding
635 1915 662 1936 to
678 1913 721 1936 the
738 1913 859 1936 instances
873 1913 944 1943 given
958 1913 1037 1937 under
1052 1914 1126 1944 Aphs.
1145 1922 1169 1938 ιι
1187 1915 1238 1945 (¹9)
1256 1916 1306 1939 and

278 1959 305 1975 ιτ
320 1951 380 1981 (25),
392 1951 495 1980 relating
506 1953 533 1974 to
544 1950 587 1974 the
598 1950 717 1974 chemical
728 1950 871 1974 dissolution
883 1950 911 1974 of
920 1951 973 1974 iron
985 1951 1033 1974 and
1044 1952 1101 1981 gold
1112 1952 1280 1984 respectively.

306 1987 324 2001 ²¹
342 1988 432 2012 Notice
443 1988 495 2011 that
507 1988 513 2000 ‘
523 1987 587 2011 form
597 1988 604 1999 ’
619 1988 639 2011 is
650 1987 709 2012 here
721 1987 847 2012 identified
859 1988 917 2012 with
929 1988 1066 2013 definition.

306 2025 326 2040 ⁸²
342 2026 380 2049 All
391 2025 477 2055 round,
489 2025 513 2049 in
525 2025 554 2049 all
566 2025 707 2049 directions.

306 2062 327 2077 ²³
343 2064 388 2087 See
400 2066 460 2086 note
475 2070 501 2092 ¹3
515 2063 600 2086 above.

306 2099 326 2114 ¹⁴
343 2102 471 2131 Spectmm
483 2099 585 2130 analysis
596 2099 639 2123 has
651 2100 762 2130 recently
772 2099 856 2124 shown
868 2100 921 2124 that
933 2101 941 2114 ‘
947 2100 1053 2125 celestial
1062 2101 1069 2112 ’
1081 2102 1129 2125 and
1141 2102 1289 2127 ‘terrestrial
1297 2103 1304 2115 ⁸

275 2146 304 2162 or
321 2139 328 2151 ‘
335 2139 484 2168 elementary
493 2137 499 2148 ’
515 2136 601 2161 bodies
612 2144 654 2161 are
665 2137 694 2161 os
703 2137 777 2161 much
787 2137 830 2161 the
841 2145 908 2162 same
918 2138 1037 2162 chemical
1048 2139 1218 2170 composition.
1246 2140 1304 2165 The

274 2183 389 2200 common
401 2175 500 2207 opinion
517 2175 542 2198 in
554 2174 658 2199 Bacon's
672 2175 739 2205 time,
751 2174 873 2199 inherited
889 2175 953 2199 from
971 2176 1014 2199 the
1025 2175 1186 2207 Peripatetics
1198 2177 1249 2208 (see
1261 2178 1303 2202 De
