1473 2622
267 340 324 373 250
603 337 743 363 NOVUM
761 336 955 365 ORGANUM.

267 421 320 451 per
329 411 430 450 jocum
448 417 478 442 et
497 412 627 448 ironiam,
642 413 672 442 in
692 413 794 442 odium
814 417 947 442 veterum
967 410 1167 451 sophistarum
1174 411 1206 448 ⁶¹,
1220 413 1294 442 Pro-

266 463 395 496 tagorae,
418 458 554 496 Hippiae,
575 464 606 488 et
632 458 817 496 reliquorum,
839 460 890 496 qui
917 459 989 488 nihil
1016 463 1080 488 tam
1106 459 1294 493 verebantur,

269 513 359 540 quam
373 514 411 532 ne
426 505 562 533 dubitare
575 505 614 533 de
627 514 658 534 re
672 505 771 542 aliqua
782 505 959 534 viderentur.
997 505 1043 533 At
1052 513 1129 534 nova
1140 505 1296 534 academia

268 550 471 587 acatalepsiam
491 551 710 588 dogmatizavit,
731 555 762 580 et
781 560 820 579 ex
841 550 973 588 professo
993 550 1108 580 tenuit:
1129 560 1206 588 quae
1226 551 1296 580 licet

268 595 420 624 honestior
445 596 518 625 ratio
543 597 590 630 sit,
616 605 706 634 quarn
725 596 944 633 pronunciandi
968 596 1093 629 licentia,
1119 605 1212 634 quum
1238 596 1298 634 ipsi

270 650 324 678 pro
337 651 370 670 se
382 642 483 670 dicant
500 652 532 670 se
548 643 671 670 minime
690 643 870 670 confundere
887 642 1116 678 inquisitionem,
1130 646 1163 670 ut
1181 641 1298 679 Pyrrho

269 686 339 716 fecit
355 692 384 716 et
402 687 562 724 Epheetici,
576 688 628 716 sed
647 687 758 717 habere
774 688 854 725 quod
873 692 1036 725 sequantur
1053 691 1086 717 ut
1102 685 1298 725 probabile-²,

270 733 339 761 licet
358 742 416 761 non
436 733 565 762 habeant
580 733 660 770 quod
678 738 800 763 teneant
819 739 853 762 ut
871 742 995 768 verum3
1015 737 1117 762 tamen
1136 737 1299 770 postquam

270 779 386 807 animus
407 779 555 807 humanus
580 781 619 808 de
640 780 763 808 veritate
782 780 958 808 invenienda
977 779 1070 808 semel
1090 780 1298 816 desperaverit,

272 825 391 854 omnino
414 825 515 854 omnia.
535 825 610 854 fiunt
631 825 834 863 languidiora:
862 835 903 854 ex
926 834 984 862 quo
1013 825 1056 861 fit,
1081 830 1114 854 ut
1136 825 1300 855 deflectant

272 871 407 899 homines
434 871 530 907 potius
559 872 598 900 ad
626 880 767 900 amoenas
794 872 1011 908 disputationes
1034 875 1064 900 et
1091 872 1244 905 discursus,
1267 874 1299 900 et

273 924 369 945 rerum
382 917 526 953 quasdam
541 917 767 954 peragrationes,
781 927 872 954 quam
885 918 915 946 in
933 917 1090 946 severitate
1103 917 1300 955 inquisitionis

272 971 304 991 se
319 962 490 991 sustineant.
528 962 648 996 Verum,
670 963 749 1000 quod
766 972 783 992 a
799 963 943 1001 principio
959 963 1091 992 diximus
1106 968 1138 993 et
1154 967 1300 1001 perpetuo

273 1009 395 1045 agimus,
421 1009 519 1037 sensui
546 1013 576 1038 et
602 1009 763 1038 intellectui
789 1009 918 1038 humano
947 1018 1107 1047 eorumque
1133 1008 1298 1039 infirmitati

272 1054 434 1083 authoritas
448 1064 506 1083 non
519 1059 565 1084 est
577 1055 755 1092 deroganda„
771 1057 823 1084 sed
839 1056 951 1084 auxilia
965 1056 1143 1093 praebenda.

712 1117 860 1148 LXVIII.

312 1166 416 1205 Atque
436 1168 475 1196 de
491 1167 633 1196 :dolorum
653 1167 774 1205 singulis
792 1168 956 1206 generibus,
974 1177 1136 1206 eorumque
1154 1172 1300 1206 apparatu

271 1213 335 1251 jam
357 1214 505 1250 diximus;
527 1223 604 1252 quae
623 1215 724 1243 omnia
741 1215 887 1244 constanti
908 1219 939 1244 et
957 1215 1070 1244 solenni
1089 1216 1211 1244 decreto
1229 1219 1301 1244 sunt

274 1260 450 1297 abneganda
469 1265 499 1289 et
515 1262 719 1295 renuncianda,
735 1265 765 1290 et
781 1261 949 1290 intellectus
967 1262 1006 1290 ab
1024 1262 1060 1290 iis
1077 1262 1199 1290 omnino
1215 1262 1302 1290 liber-

275 1307 370 1335 andus
391 1311 437 1336 est
457 1311 487 1336 et
507 1308 735 1344 expurgandus,
763 1312 796 1336 ut
819 1317 878 1336 non
901 1308 976 1336 alius
999 1307 1059 1336 sere
1079 1309 1118 1336 sit
1139 1309 1239 1336 aditus
1260 1308 1301 1336 ad

276 1361 398 1390 regnum
417 1353 552 1387 hominis,
567 1354 646 1391 quod
663 1353 803 1382 fundatur
818 1354 847 1382 in
865 1354 1000 1388 scientiis,
1015 1364 1103 1391 quam
1120 1355 1160 1384 ad
1177 1363 1302 1392 regnum

275 1399 432 1434 coelorum,
446 1400 478 1428 in
491 1399 575 1436 quod,
589 1400 651 1428 νεὼ-ι’
660 1399 713 1428 sub
719 1405 844 1436 persona
857 1399 993 1436 infantis,
1007 1401 1121 1429 intrare
1134 1410 1189 1430 non
1202 1400 1302 1429 damr.

278 1465 321 1489 De
333 1465 427 1490 Natura
442 1465 562 1495 Deorum,
573 1465 614 1489 lib.
625 1465 642 1489 i.
652 1471 706 1496 cap.
718 1467 747 1489 8:
765 1465 772 1479 ‘
781 1465 848 1489 Tum
859 1465 973 1495 Velleius,
990 1465 1095 1489 fidenter
1104 1473 1171 1496 sane,
1183 1468 1211 1490 ut
1221 1465 1304 1489 solent

277 1502 325 1532 isti,
337 1502 395 1526 nihil
413 1505 463 1526 tam
477 1509 571 1532 verens,
584 1509 658 1533 quarn
674 1509 705 1526 ne
721 1502 834 1526 dubitare
850 1502 930 1533 aliqua
943 1502 975 1526 de
990 1509 1018 1526 re
1028 1503 1168 1527 videretur:
1185 1505 1304 1534 tanquam

277 1540 352 1564 modo
370 1547 399 1564 ex
416 1540 519 1564 deorum
534 1539 646 1570 coneilio,
664 1542 690 1564 et
708 1546 738 1563 ex
753 1539 851 1570 Epicurl
869 1539 1039 1563 intermundiis
1054 1539 1234 1564 descendisset:
1274 1539 1303 1562 ln

277 1578 325 1602 this
337 1578 466 1608 Aphorism
477 1577 547 1601 there
559 1578 579 1601 is
591 1584 623 1601 no
633 1577 733 1602 allusion
746 1579 772 1601 to
781 1577 886 1601 Velleius
898 1577 930 1608 by
942 1583 1022 1607 natue,
1033 1577 1078 1601 but
1088 1583 1103 1600 a
1114 1577 1213 1607 portion
1223 1576 1253 1601 of
1259 1576 1305 1601 the

277 1622 376 1645 passage
388 1615 412 1638 in
423 1614 465 1638 the
478 1614 517 1638 De
529 1614 623 1638 Natura
634 1615 746 1638 Deorum
758 1615 777 1638 is
788 1614 959 1644 incorporated
972 1614 995 1637 in
1006 1613 1050 1638 the
1061 1616 1123 1638 text.

309 1652 328 1666 ‘¹
345 1652 402 1676 The
412 1653 513 1683 positive
524 1652 572 1676 and
582 1652 705 1682 dogmatic
721 1652 849 1676 character
864 1651 893 1676 of
906 1652 949 1676 the
960 1651 1002 1676 old
1015 1651 1125 1682 sophists
1140 1651 1161 1676 is
1170 1651 1226 1676 well
1237 1650 1306 1676 illus-

277 1690 358 1714 trated
371 1690 394 1712 in
405 1691 448 1714 the
462 1691 498 1712 ist
509 1689 574 1713 book
585 1689 614 1712 of
623 1689 714 1712 Plato's
727 1689 854 1720 Republic,
866 1689 891 1712 in
901 1689 946 1712 the
958 1695 1047 1719 person
1058 1688 1089 1712 of
1097 1687 1306 1719 Thrasymachus,

278 1727 341 1757 who,
351 1726 473 1757 however,
485 1730 550 1750 must
560 1726 591 1750 be
602 1726 721 1756 regarded
732 1733 758 1750 as
769 1733 783 1750 a
793 1726 938 1750 caricature.
970 1725 1028 1750 The
1038 1725 1138 1756 English
1150 1725 1238 1750 render
1248 1732 1306 1756 may

278 1764 310 1788 be
332 1763 449 1793 referred,
466 1771 499 1787 on
518 1764 560 1787 the
578 1763 674 1794 subject
694 1763 722 1787 of
742 1763 784 1788 the
803 1763 920 1794 Sophists,
937 1766 966 1787 to
984 1763 1034 1787 Mr.
1046 1763 1140 1788 Lewes’
1160 1763 1262 1794 Histoi-y
1279 1761 1309 1787 of

279 1800 434 1832 Philosophy,
446 1801 546 1824 Grote's
557 1800 658 1831 chapter
669 1807 702 1824 on
719 1800 761 1824 the
773 1799 883 1831 Sophists
899 1801 923 1824 in
939 1800 976 1824 his
989 1800 1092 1831 Histoi-y
1103 1799 1131 1824 of
1144 1801 1241 1824 Greeee
1256 1799 1306 1824 und

277 1838 315 1862 his
325 1838 394 1862 work
405 1846 437 1862 on
450 1837 519 1862 Plato
531 1837 688 1868 throughout,
700 1838 738 1862 Sir
746 1837 886 1862 Alexander
893 1837 993 1862 Grant's
1002 1837 1096 1862 second
1108 1837 1182 1868 Essay
1194 1837 1305 1868 prefixed

278 1879 306 1900 to
317 1876 354 1900 his
363 1875 457 1900 edition
468 1875 497 1899 of
503 1875 638 1899 Aristotle's
653 1874 746 1904 Ethics,
756 1875 804 1898 and
819 1874 867 1899 Mr.
875 1874 965 1906 Heni-y
976 1874 1118 1905 Sidgwiek’s
1128 1881 1214 1906 papers
1225 1874 1250 1898 in
1261 1874 1306 1898 the

279 1913 380 1945 Journal
393 1911 421 1936 of
430 1912 566 1943 Philology.

313 1950 332 1964 ω
349 1951 399 1974 For
418 1950 487 1974 these
502 1949 588 1980 grades
604 1949 633 1973 of
647 1949 801 1980 probability,
818 1956 861 1973 see
878 1951 939 1973 note
954 1957 982 1979 μ
1000 1955 1034 1973 on
1050 1949 1114 1980 Aph.
1128 1956 1166 1979 37.
1205 1949 1244 1973 On
1260 1949 1305 1973 the

279 1987 441 2017 distinctions,
453 1987 502 2010 real
514 1994 543 2010 or
552 1986 680 2018 supposed,
692 1987 804 2011 between
815 1986 858 2010 the
869 1986 994 2018 dqptrinec
1009 1985 1038 2010 of
1051 1986 1094 2010 the
1106 1985 1169 2010 New
1180 1986 1307 2018 Aeademy

281 2025 329 2050 and
340 2024 382 2049 the
398 2024 506 2054 Sceptioe
519 2031 617 2054 proper,
628 2031 669 2048 see
681 2024 722 2048 the
733 2031 800 2048 same
812 2027 880 2049 note.
912 2024 969 2048 The
980 2024 1064 2048 school
1075 2023 1104 2048 of
1117 2023 1212 2055 Pyrrho
1225 2023 1306 2055 (osten

281 2062 358 2087 called
379 2061 536 2093 Pyrrhonists
557 2068 584 2085 as
601 2061 655 2085 well
676 2068 703 2084 as
724 2061 843 2092 Sceptics)
856 2068 906 2085 wns
926 2062 994 2092 prior
1015 2065 1042 2084 to
1063 2060 1118 2085 that
1137 2059 1165 2085 of
1182 2060 1224 2084 the
1242 2059 1307 2084 New

282 2098 414 2131 Academy,
426 2098 522 2131 Pyrrho
536 2098 635 2122 himself
648 2098 721 2129 being
735 2102 924 2130 contemporary
935 2098 996 2123 with
1010 2098 1150 2123 Alexander
1162 2097 1206 2123 the
1218 2097 1307 2128 <Ji-eat,

281 2137 327 2162 but
337 2138 357 2162 lt
368 2145 416 2161 was
426 2136 524 2161 revived
535 2138 560 2160 at
575 2143 591 2160 a
603 2136 676 2160 much
692 2136 755 2160 later
771 2136 856 2166 period
867 2135 900 2167 by
912 2135 1082 2160 AEnesidemus
1097 2135 1146 2160 and
1160 2134 1197 2160 his
1206 2142 1307 2160 mecen-

279 2182 340 2205 sors,
352 2181 441 2205 among
453 2174 533 2199 whom
544 2180 592 2199 was
604 2174 691 2197 Sextus
703 2173 848 2205 Empiricus.
