1473 2622
223 320 278 351 154

220 392 293 421 illud
314 401 405 420 unum
425 396 458 421 ut
480 402 525 421 res
544 393 583 422 de
605 393 720 431 integro
741 397 873 422 tentetur
895 393 1063 422 melioribus
1084 393 1247 431 praesidiis,

220 443 311 475 utque
332 438 383 467 fiat
403 439 588 468 scientiarum
608 444 638 468 et
657 440 763 469 artium
783 444 874 476 atque
891 441 987 468 omnis
1006 440 1154 469 humanae
1173 440 1245 468 doc-

220 485 314 513 trinae
328 485 356 512 in
372 485 537 513 universum
549 485 732 520 Instauratio,
741 494 759 514 a
773 485 881 514 debitis
891 486 1022 514 excitata
1035 485 1245 514 fundamentis.

221 530 288 558 Hoc
307 539 376 558 vero
400 530 468 558 licet
488 539 625 567 aggressu
648 531 795 559 infinitum
815 531 956 567 quiddam
979 531 1071 559 videri
1092 532 1186 568 possit
1210 540 1245 560 ac

220 585 308 612 supra
327 576 401 604 vires
421 576 568 609 mortales,
589 580 689 604 tamen
709 576 787 605 idem
808 580 935 605 tractatu
958 585 1061 605 sanum
1081 577 1247 605 invenietur

220 631 254 651 ac
274 621 412 656 sobrium,
428 622 522 658 magis
542 631 631 658 quam
651 632 687 651 ea
704 631 780 659 quae
803 622 900 651 adhuc
921 622 998 651 sacta
1016 626 1093 650 sunt.
1134 622 1245 650 Exitus

221 668 299 696 enim
326 667 413 703 hujus
440 668 480 696 rei
507 672 552 696 est
579 668 742 697 nonnullus.
793 668 829 696 In
848 668 884 696 iis
901 677 972 696 vero
992 667 1149 704 quaejam
1170 668 1246 696 fiunt

221 714 297 742 circa
321 714 464 749 scientias,
486 718 531 742 est
551 714 664 750 vertigo
685 714 831 751 quaedam
853 718 884 742 et
906 714 1030 750 agitatio
1051 717 1194 750 perpetua
1216 718 1247 742 et

220 759 350 789 circulus.
391 759 496 795 Neque
512 769 580 788 eum
600 759 675 797 sugit
690 763 802 797 quanta
822 759 851 788 in
867 759 1025 788 solitudine
1040 763 1173 787 versetur
1190 759 1246 788 hoc

220 806 464 842 experimentum,
479 810 508 834 et
522 815 611 842 quam
624 806 729 834 durum
746 810 775 834 et
790 805 959 834 incredibile
973 806 1011 834 sit
1026 805 1065 833 ad
1079 805 1246 833 faciendam

221 852 319 880 fidem.
360 851 565 885 Nihilominus,
580 860 633 880 nec
650 861 712 880 rem
731 860 785 880 nec
802 852 932 888 seipsum
950 851 1144 880 deserendum
1158 855 1246 887 puta-

221 897 270 932 vit,
290 897 360 934 quin
379 897 457 925 viam
478 906 554 933 quae
575 906 633 925 una
654 897 799 925 humanae
822 897 913 925 menti
935 897 1034 933 pervia
1054 900 1098 925 est
1117 900 1247 925 tentaret

220 947 310 979 atque
326 942 420 971 iniret.
461 942 595 971 Praestat
611 943 689 971 enim
707 942 881 979 principium
897 942 968 970 dare
982 942 1021 970 rei
1036 951 1112 979 quae
1130 942 1246 970 exitum

221 989 329 1017 habere
349 989 448 1025 possit,
465 998 554 1025 quam
573 990 603 1017 in
622 990 657 1017 iis
678 998 754 1026 quae
774 990 889 1017 exitum
913 989 1025 1017 nullum
1045 988 1157 1017 habent
1180 998 1247 1025 per-

221 1039 312 1072 petua
331 1035 519 1063 contentione
539 1040 568 1064 et
586 1035 684 1064 studio
704 1035 855 1072 implicari.
901 1034 977 1063 Viae
995 1039 1095 1063 autem
1116 1039 1247 1062 contem-

221 1080 351 1117 plativae
363 1081 417 1109 viis
435 1081 492 1109 illis
511 1081 613 1109 activis
626 1081 789 1110 decantatis
804 1080 865 1109 fere
883 1081 1079 1117 respondent3
1099 1085 1131 1108 ut
1145 1079 1248 1115 altera,

221 1127 260 1155 ab
278 1127 360 1155 initio
378 1127 469 1155 ardua
487 1131 517 1155 et
535 1127 668 1163 difficilis,
681 1127 795 1156 desinat
814 1128 844 1155 in
863 1131 1016 1163 apertum3
1036 1126 1136 1161 altera,
1150 1126 1247 1163 primo

221 1173 328 1201 intuitu
357 1173 497 1210 expedita
524 1178 554 1202 et
582 1173 725 1211 proclivis,
746 1173 835 1202 ducat
861 1173 892 1201 in
918 1173 984 1201 avia
1010 1177 1040 1201 et
1066 1173 1247 1209 praecipitia.

221 1218 322 1255 Quum
352 1223 453 1248 autem
486 1219 611 1248 incertus
643 1224 721 1248 esset
753 1219 872 1256 quando
899 1218 971 1247 haec
1003 1219 1089 1248 alicui
1121 1219 1247 1255 posthac

222 1265 252 1293 in
278 1270 408 1293 mentem
434 1270 558 1293 ventura
584 1266 662 1300 sint3
696 1274 731 1293 eo
755 1266 942 1302 potissimum
969 1274 1039 1293 usus
1062 1269 1247 1302 argumento,

221 1311 300 1347 quod
325 1311 472 1339 neminem
493 1310 635 1339 hactenus
656 1311 766 1339 invenit
787 1311 838 1347 qui
861 1310 900 1339 ad
921 1310 1031 1339 similes
1052 1311 1248 1347 cogitationes

221 1357 353 1386 animum
372 1357 562 1393 applicuerit3
589 1357 718 1386 decrevit
739 1357 834 1394 prima
856 1365 990 1393 quaeque
1011 1366 1086 1394 quae
1107 1357 1248 1394 perficere

222 1403 302 1431 licuit
334 1403 364 1431 in
393 1403 543 1439 publicum
579 1403 672 1432 edere.
727 1403 834 1439 Neque
866 1402 939 1431 haec
971 1403 1120 1431 festinatio
1153 1403 1248 1431 ambi-

222 1450 298 1478 tiosa
331 1449 393 1484 suit,
420 1449 471 1478 sed
501 1449 645 1484 sollicita;
680 1453 712 1478 ut
744 1449 768 1478 si
798 1449 870 1486 quid
897 1449 938 1477 illi
971 1449 1141 1478 humanitus
1170 1450 1247 1478 acci-

222 1497 313 1530 deret,
333 1500 448 1525 extaret
469 1500 569 1524 tamen
596 1496 761 1533 designatio
784 1496 931 1533 quaedam
957 1504 991 1525 ac
1018 1496 1176 1525 destinatio
1206 1496 1248 1524 rei

222 1551 312 1579 quam
327 1542 427 1570 animo
441 1542 614 1578 complexus
633 1546 696 1577 est;
717 1545 807 1578 utque
823 1545 939 1569 extaret
956 1541 1043 1569 simul
1060 1541 1177 1578 signum
1195 1541 1247 1569 ali-

261 1588 340 1625 quod
357 1587 498 1616 honestae
514 1596 584 1616 suae
598 1591 628 1616 et
641 1596 804 1624 propensae
819 1588 849 1615 in
865 1587 979 1623 generis
994 1586 1114 1615 humani
1128 1596 1210 1615 com-

315 1634 404 1662 moda
427 1633 593 1661 voluntatis.
645 1633 733 1662 Certe
753 1633 841 1661 aliam
865 1642 1071 1669 quamcunque
1093 1641 1157 1661 am-

350 1679 493 1707 bitionem
514 1678 679 1707 inferiorem
699 1678 786 1707 duxit
805 1688 836 1707 re
855 1687 945 1715 quam
965 1687 1035 1715 prae
1055 1688 1116 1707 ma-

388 1725 475 1753 nibus
497 1724 608 1752 habuit.
659 1723 723 1752 Aut
744 1724 821 1752 enim
841 1724 897 1752 hoc
917 1725 996 1761 quod
1017 1725 1079 1762 agi-

428 1775 475 1799 tur
504 1770 576 1798 nihil
605 1773 657 1805 est,
685 1774 737 1798 aut
764 1774 888 1805 tantum,
916 1774 949 1798 ut
979 1779 1039 1799 me-

473 1816 528 1845 rito
558 1816 621 1852 ipso
650 1820 822 1844 contentum
851 1825 915 1845 esse
942 1816 994 1844 de-

538 1863 608 1892 beat
635 1871 690 1890 nec
716 1861 841 1890 fructum
869 1871 921 1891 ex-

628 1912 674 1937 tra
693 1916 841 1946 quaerere.
