1473 2622
289 349 302 370 Ι
307 348 345 379 70
597 346 663 372 DIS
666 346 690 371 T
686 345 751 371 RIB
755 345 780 371 U
780 345 841 371 7⁸10
860 345 1007 372 OPERIS.
1399 345 1401 360 “

289 417 403 448 Sensus
426 418 505 449 enim
531 419 637 449 fallunt
662 419 772 458 utique,
793 419 846 448 sed
873 424 904 448 et
930 428 1042 449 errores
1067 427 1139 448 suos
1164 418 1317 449 indicent:

289 473 391 493 verum
411 474 521 495 errores
543 471 669 504 praesto,
690 466 797 494 indicia
817 474 918 494 eorum
938 466 1028 503 longe
1047 465 1142 504 petita
1161 470 1239 494 sunt.

329 511 451 548 Duplex
463 517 562 541 autem
576 517 623 541 est
634 522 737 541 sensus
755 513 840 550 culffss
852 523 858 541 ε
878 516 931 540 aut
949 513 1029 540 enim
1042 512 1176 540 destituit
1194 520 1250 540 nos
1264 514 1319 540 aut

289 556 407 595 decipit.
446 559 527 587 Nam
550 559 651 596 primo,
673 559 818 596 plurimae
836 563 904 587 sunt
924 567 970 587 res
990 567 1067 596 quae
1085 567 1205 587 sensum
1224 557 1318 587 etiam

290 608 370 632 recte
393 604 568 642 dispositum
592 614 646 634 nec
669 605 730 634 ullo
756 605 846 634 modo
872 605 1048 642 impeditum
1074 604 1236 642 effugiunt3
1264 609 1318 633 aut

290 649 453 679 subtilitate
473 653 562 680 totius
583 652 719 688 corpon's,
737 655 790 680 aut
810 652 937 688 partium
959 651 1098 686 minutiis,
1114 655 1168 680 aut
1183 651 1239 680 loci
1258 651 1319 679 dis·

291 697 391 732 tantia,
405 702 457 726 aut
471 699 611 727 tarditate
623 702 714 734 atque
728 698 818 726 etiam
831 697 989 727 velocitate
1006 701 1111 730 motus.
1124 701 1178 726 aut
1190 696 1318 726 familia-

290 742 379 771 ritate
396 743 516 779 objecfi,
528 749 581 773 aut
599 744 674 773 alias
692 745 732 772 ob
747 753 860 773 causas.
899 743 1007 781 Neque
1024 753 1130 779 rursus,
1142 742 1195 772 ubi
1212 751 1318 772 sensus

290 797 354 816 rem
376 794 466 825 tenet,
486 790 694 827 prehensionffl
717 789 781 826 ejus
804 790 968 818 admodum
993 789 1097 818 firmae
1119 793 1196 818 sunt.
1234 789 1319 818 Nam

291 835 491 864 testimonium
519 841 550 865 et
575 837 743 864 informatio
771 845 875 864 sensus
901 845 1018 873 semper
1043 840 1089 864 est
1113 845 1156 864 ex
1180 834 1320 873 analogia

290 880 425 916 hominis,
452 892 510 911 non
537 892 576 912 ex
603 882 738 920 anaioffla
764 882 908 911 universi:
941 887 1032 919 atque
1059 891 1170 920 magno
1198 890 1320 920 prorsus

291 936 388 956 errore
407 929 551 964 asseritur,
570 938 690 958 sensum
710 938 774 957 esse
795 937 961 957 mensuram
983 935 1100 961 rerum.¹

331 974 436 1011 Itaque
462 981 494 1004 ut
520 976 566 1004 his
594 980 769 1010 occurratur,
800 985 854 1003 nos
880 975 975 1003 multo
1007 978 1040 1004 et
1069 975 1130 1004 fido
1156 974 1320 1004 ministerio

290 1020 402 1050 auxilia
434 1022 532 1051 sensui
565 1022 694 1060 undique
726 1021 954 1059 conquisivimus
980 1025 1015 1050 et
1046 1021 1260 1056 contraximus,
1284 1025 1321 1050 ut

290 1066 530 1096 destitutionibus
543 1068 772 1102 substitutiones,
785 1067 993 1096 variationibus
1008 1067 1234 1096 rectificationoe
1248 1075 1321 1105 sup-

291 1113 466 1149 peditentur.
508 1115 614 1152 Neque
633 1115 663 1142 id
685 1114 822 1142 molimur
840 1118 903 1142 tam
927 1113 1129 1142 instrumentis
1150 1123 1242 1149 quarn
1265 1123 1321 1142 ex—

290 1160 470 1196 perimentis.
501 1161 619 1190 Etenim
630 1161 899 1198 experimentorum
913 1159 1000 1197 longe
1010 1159 1107 1198 major
1115 1164 1162 1189 est
1170 1160 1322 1190 subtilitas

291 1214 380 1242 quam
395 1216 494 1236 sensus
511 1207 609 1244 ipsius,
623 1207 690 1236 licet
704 1206 905 1236 instrumentis
918 1206 1073 1243 exquisitis
1086 1205 1198 1243 adjuti;
1218 1205 1271 1246 (de
1283 1206 1321 1236 iis

291 1252 438 1288 loquimur
451 1253 668 1290 experimentis,
682 1262 758 1290 quae
776 1253 815 1281 ad
835 1253 1027 1281 intentionem
1047 1253 1112 1289 ejus
1128 1253 1210 1289 quod
1228 1261 1321 1291 quae-

291 1297 364 1326 ritur
382 1299 475 1335 perite
494 1303 525 1327 et
544 1300 705 1328 secundum
725 1303 819 1327 artem
839 1298 1010 1336 excogitata
1025 1302 1056 1327 et
1071 1299 1209 1336 apposita
1227 1297 1320 1337 sunt).

292 1343 397 1381 Itaque
411 1345 591 1382 perceptioni
604 1354 706 1374 sensus
719 1344 908 1373 immediatae
919 1353 955 1374 ac
968 1344 1104 1382 proprIae
1117 1353 1177 1373 non
1192 1344 1321 1374 muttum

290 1391 462 1420 tribuimus:
482 1392 534 1420 sed
550 1401 584 1420 eo
599 1400 661 1420 rem
674 1391 856 1425 deducimus,
870 1395 903 1420 ut
917 1399 1020 1420 sensus
1038 1394 1155 1420 tantum
1171 1391 1211 1420 de
1226 1400 1319 1429 expe-

293 1437 425 1473 rimento,
446 1440 681 1475 experimentum
708 1439 747 1466 de
773 1447 803 1466 re
826 1437 949 1473 judicet.
987 1437 1088 1475 Quare
1113 1438 1321 1466 existimamus

293 1493 347 1512 nos
360 1491 462 1513 sensus
476 1483 506 1523 (a
519 1494 578 1522 quo
591 1484 690 1513 omnia
705 1484 733 1513 in
747 1484 928 1513 naturalibus
942 1485 1072 1520 petenda
1084 1488 1161 1519 sunt,
1174 1484 1231 1513 nisi
1244 1483 1320 1514 sorte

293 1529 384 1559 libeat
407 1529 543 1569 insanire)
564 1532 710 1560 antistites
735 1529 892 1567 religiosos,
913 1533 943 1559 et
965 1529 1149 1558 oraculorum
1173 1529 1237 1567 ejus
1261 1539 1320 1559 non

293 1576 444 1613 imperitos
458 1578 638 1614 interpretes,
653 1586 706 1605 nos
723 1577 920 1613 praestitisse:
942 1580 974 1605 ut
988 1577 1036 1604 aiii
1056 1577 1236 1613 professione
1249 1585 1321 1614 qua—

292 1623 370 1659 dam,
391 1633 445 1652 nos
466 1633 494 1652 re
515 1625 587 1660 ipsa,
607 1633 724 1652 sensum
747 1623 822 1652 tueri
842 1632 877 1652 ac
901 1623 997 1652 colere
1015 1623 1176 1652 videamur.
1215 1623 1322 1660 Atque

291 1669 459 1706 hujusmodi
483 1675 551 1699 sunt
575 1679 609 1698 ea
635 1679 712 1707 quae
733 1671 772 1698 ad
796 1670 897 1698 lumen
926 1670 1022 1707 ipsum
1050 1674 1174 1699 naturae
1197 1668 1321 1708 ejusque

290 1717 494 1744 accensionem
515 1722 544 1744 et
565 1717 776 1744 immissionem
798 1725 952 1754 paramus:
975 1725 1051 1752 quae
1071 1725 1123 1752 per
1140 1725 1172 1745 se
1187 1716 1322 1746 sufficere

293 1767 420 1799 possent,
445 1763 470 1790 si
498 1763 662 1792 intellectus
694 1763 838 1791 humanus
872 1770 984 1799 aequus
1016 1766 1048 1790 et
1077 1762 1170 1790 instar
1201 1763 1323 1791 tabulae

291 1808 413 1837 abrasae
433 1814 519 1838 esset.
560 1809 621 1838 Sed
641 1819 708 1838 cum
730 1813 845 1838 mentes
861 1808 1016 1837 hominum
1034 1808 1114 1837 miris
1130 1808 1227 1837 modis
1244 1809 1323 1838 adeo

291 1855 429 1884 obsessae
441 1856 500 1885 sint
518 1861 550 1885 ut
567 1856 605 1885 ad
620 1865 704 1885 veros
721 1864 815 1884 rerum
834 1855 931 1884 radios
947 1855 1139 1892 excipiendos
1158 1855 1273 1884 sincera
1291 1860 1324 1884 et

294 1902 386 1938 polita
413 1911 479 1931 area
507 1911 623 1939 prorsus
649 1903 733 1936 desit,
760 1902 918 1930 necessitas
945 1901 1093 1937 quaedam
1120 1900 1264 1931 incumbit
1290 1906 1324 1931 ut

293 1948 381 1976 etiam
396 1949 463 1977 huic
477 1950 516 1977 rei
530 1949 692 1977 remedium
706 1949 907 1986 quaerendum
921 1957 986 1976 esse
999 1951 1146 1985 putemus.

331 1993 415 2022 Idola
435 1999 534 2024 autem
555 2005 573 2024 a
593 1995 699 2032 quibus
719 1999 879 2032 occupatur
900 2003 992 2026 mens,
1007 1993 1056 2023 vel
1070 1993 1234 2023 Adscititia
1253 1999 1325 2024 sint

293 2040 340 2070 vel
354 2041 470 2069 lunata.
508 2041 669 2070 Adscititia
682 2050 752 2070 vero
765 2041 969 2077 immigramnt
984 2040 1014 2068 in
1028 2045 1143 2068 mentes
1159 2039 1325 2076 hominum,

294 2087 340 2116 vel
355 2097 394 2116 ex
407 2087 648 2124 philosophorum
663 2087 778 2124 placitis
792 2091 821 2116 et
835 2087 923 2116 sectis
935 2086 983 2116 vel
998 2096 1038 2115 ex
1053 2086 1196 2124 perversis
1209 2086 1325 2124 legibus

295 2134 589 2163 demonstrationum.
629 2133 674 2163 At
696 2134 802 2163 Innata
821 2132 975 2163 inhaerent
991 2137 1115 2162 naturae
1129 2132 1222 2171 ipsius
1237 2133 1326 2163 intel-

291 2180 396 2214 lectus,
421 2180 471 2219 qui
500 2181 537 2210 ad
561 2189 687 2210 errorem
711 2180 800 2218 longe
826 2180 982 2217 proclivior
1003 2189 1068 2209 esse
1095 2179 1326 2218 deprehenditur

1196 2368 1406 2426 ‚aad
