1473 2622
522 676 1033 720 DISTRIBUTIO

636 767 915 806 OPERIS.

535 941 566 969 E
558 941 614 978 jus
624 941 838 970 constituuntur
848 941 955 970 Partes
967 950 1023 971 sex.

306 1002 421 1037 Prima余
440 1002 620 1031 Partitiones
633 1002 838 1032 Sn'entiarum.

306 1048 461 1084 Secunda余
480 1048 599 1077 Novum
615 1048 775 1085 Orgamcm,
793 1049 856 1077 sive
872 1047 989 1077 Indicia
1003 1047 1039 1076 dc
1054 1048 1294 1086 Interpretatione

305 1140 424 1176 Tertia余
450 1095 654 1170 Phereclttoumrza
678 1140 823 1175 Universi,
844 1128 905 1169 sire
924 1139 1062 1169 Historia
1083 1140 1245 1169 Naturalis
1265 1144 1296 1168 et

495 1187 743 1224 Experimentalis
755 1187 798 1216 ad
806 1186 982 1216 condendam
994 1186 1221 1224 Philosophiam.

305 1233 437 1271 Quarta3
459 1233 547 1262 Scala
559 1233 729 1263 Intellectus.

305 1280 416 1316 Quinta
427 1290 434 1314 余
452 1279 618 1314 Prodromi,
626 1280 687 1308 sive
695 1279 922 1316 Anticzjoationes
928 1278 1130 1316 Philosophiae
1138 1278 1294 1308 Secundae.

305 1325 419 1361 Sexta3
438 1325 626 1362 Philosophia
640 1326 780 1361 Secunda,
794 1327 855 1354 sive
870 1326 999 1354 Scientia
1012 1325 1127 1355 Activa.

578 1405 604 1435 S
605 1405 774 1443 ingularum
786 1406 814 1434 A
818 1387 978 1443 rgumenta.

269 1467 356 1496 PARS
370 1471 470 1496 autem
485 1466 610 1496 instituti
624 1467 715 1496 nostri
729 1471 781 1502 est,
791 1471 824 1496 ut
838 1467 945 1502 omnia,
958 1471 1103 1504 quantum
1116 1466 1178 1495 fieri
1193 1471 1293 1503 potest

265 1518 366 1551 aperte
380 1518 410 1543 et
422 1514 576 1551 perspicue
589 1517 797 1551 proponantur.
831 1513 960 1541 Nuditas
973 1514 1052 1541 enim
1065 1513 1163 1547 animi,
1174 1518 1208 1542 ut
1221 1513 1293 1541 olim

265 1560 403 1597 corporis,
418 1560 602 1589 innocentiae
616 1564 646 1589 et
662 1559 859 1597 simplicitatis
873 1568 973 1588 comes
986 1563 1040 1588 est.
1074 1559 1178 1588 Pateat
1192 1560 1293 1596 itaque

265 1607 361 1643 primo
380 1607 453 1635 ordo
473 1606 570 1642 operis
592 1609 683 1642 atque
706 1606 780 1634 ratio
802 1605 873 1642 ejus.
922 1605 1024 1634 Partes
1047 1606 1143 1643 operis
1166 1615 1184 1634 a
1207 1606 1294 1634 nobis

266 1652 484 1681 constituuntur
496 1661 561 1680 sex.

306 1698 409 1727 Prima.
424 1707 493 1735 pars
516 1697 638 1727 exhibet
661 1698 800 1727 scientiae
821 1697 884 1734 ejus
906 1697 968 1726 sive
991 1697 1142 1727 doctrinae
1162 1697 1192 1726 in
1212 1697 1294 1735 cujus

266 1744 451 1781 possessione
465 1743 627 1772 humanum
641 1753 735 1781 genus
748 1744 890 1773 hactenus
903 1748 1041 1778 versatur,
1056 1744 1219 1779 Summam,
1233 1745 1294 1772 sive

266 1790 491 1827 descriptionem
513 1790 714 1820 universalem.
754 1790 859 1818 Visum
879 1791 957 1818 enim
977 1795 1023 1819 est
1046 1790 1131 1818 nobis
1151 1790 1241 1818 etiam
1264 1791 1293 1818 in

266 1838 301 1865 iis
317 1846 394 1874 quae
415 1841 532 1873 recepta
553 1840 621 1865 sunt
642 1836 814 1865 nonnullam
834 1836 929 1865 facere
950 1846 1079 1865 moram:
1101 1846 1137 1865 eo
1156 1836 1293 1865 nimirum

266 1883 395 1918 consilio,
409 1887 442 1911 ut
455 1883 569 1911 facilius
583 1887 613 1911 et
626 1883 774 1911 veteribus
791 1882 933 1920 perfectio
946 1887 977 1911 et
991 1883 1074 1910 novis
1087 1883 1186 1911 aditus
1199 1883 1294 1911 detur.

267 1929 332 1957 Pari
353 1929 432 1958 enim
452 1929 512 1958 fere
532 1929 630 1958 studio
650 1929 769 1957 ferimur
792 1933 822 1957 et
842 1929 880 1957 ad
900 1932 1000 1957 vetera
1021 1928 1185 1957 excolenda
1204 1932 1235 1957 et
1256 1930 1294 1958 ad

266 1975 404 2004 ulteriora
417 1975 610 2012 assequenda.
642 1975 773 2004 Pertinet
786 1975 875 2004 etiam
889 1975 946 2003 hoc
959 1974 997 2003 ad
1011 1975 1175 2004 faciendam
1190 1975 1294 2004 fidem:

264 2021 352 2058 juxta
368 2021 449 2054 illud,
463 2021 533 2049 Non
552 2021 656 2057 acczspit
673 2021 802 2050 indoctus
821 2021 909 2050 verba
926 2021 1068 2055 scientiae,
1082 2021 1144 2050 nisi
1154 2021 1243 2058 prius
1260 2030 1295 2049 ea

266 2068 376 2097 dixeris
388 2076 461 2104 quae
474 2071 629 2096 versantur
642 2067 672 2095 in
686 2067 770 2096 corde
780 2067 849 2104 ejus.
886 2068 991 2104 Itaque
1005 2067 1189 2097 scientiarum
1203 2072 1295 2104 atque

267 2115 373 2143 artium
388 2118 570 2151 receptarum
584 2123 651 2142 oras
669 2114 773 2150 legere,
788 2122 902 2142 necnon
917 2113 1000 2142 utilia
1019 2114 1165 2150 quaedam
1182 2114 1212 2142 in
1229 2114 1294 2142 illas

267 2162 433 2198 importare,
449 2164 590 2197 tanquam
605 2160 634 2188 in
651 2161 784 2195 transitu,
798 2169 858 2188 non
871 2159 1062 2197 negligemus.
