1473 2622
597 342 823 368 PRAEFATIO.
1170 340 1225 377 165
1253 356 1257 362 ·

198 424 287 453 posse
310 415 449 451 confidat,
470 415 523 444 sed
547 413 723 444 successioni
750 414 896 449 destinet3
927 414 1054 451 denique
1081 414 1225 450 scientias,

199 470 260 490 non
286 471 340 499 per
364 462 562 499 arrogantiam
589 461 619 489 in
645 461 767 489 humani
793 461 903 497 ingenii
930 461 1049 496 cellulis,
1076 462 1128 490 sed
1156 462 1225 490 sub-

200 508 290 537 misse
313 508 343 536 in
366 509 477 537 mundo
501 507 612 544 majore
636 511 769 544 quaerat.
808 507 903 536 Vasta
925 517 994 536 vero
1015 511 1047 536 ut
1067 508 1224 544 plurimum

199 554 297 583 solent
316 563 388 589 esse,
408 563 484 591 quae
504 554 619 582 inania:
640 553 735 582 solida
755 554 968 582 contrahuntur
987 554 1125 588 maxime,
1145 558 1175 582 et
1195 554 1226 582 in

199 609 292 637 parvo
307 600 364 629 sita
380 604 457 628 sunt.
497 600 650 629 Postremo
669 600 758 628 etiam
775 600 937 636 petendum
953 600 1070 628 videtur
1085 598 1135 637 (ne
1151 600 1226 628 sorte

200 646 267 683 quis
290 646 331 674 rei
355 645 446 683 ipsius
470 646 599 683 periculo
622 646 707 674 nobis
727 646 843 682 iniquus
862 654 926 674 esse
946 644 1030 684 velit)
1052 650 1084 674 ut
1103 646 1225 674 videant

199 692 342 727 homines,
359 696 505 729 quatenus
524 701 565 721 ex
585 701 621 721 eo
641 692 721 729 quod
741 692 826 720 nobis
846 701 975 720 asserere
993 701 1112 721 necesse
1132 693 1169 721 sit
1188 691 1225 730 (si

201 738 292 768 modo
318 738 402 767 nobis
429 738 483 775 ipsi
510 742 645 767 constare
667 736 804 777 velimus)
824 738 862 766 de
883 738 930 766 his
953 738 1060 766 nostris
1084 738 1224 775 opinandi

200 788 254 813 aut
278 784 456 813 sententiam
484 783 596 813 serendi
622 784 678 813 sibi
701 784 750 821 jus
777 784 950 821 permissum
980 788 1103 821 putent:
1133 794 1225 821 quum

201 840 257 859 nos
275 839 394 859 omnem
414 831 501 859 istam
524 831 669 859 rationem
692 830 854 859 humanam
877 834 1102 867 praematuram,
1121 831 1225 859 antIci-

200 880 331 914 pantem,
343 881 375 906 et
387 886 405 905 a
418 877 505 906 rebus
520 880 633 906 temere
646 880 676 905 et
690 876 775 905 citius
788 885 878 913 quam
892 876 1023 913 oportuit
1036 877 1223 911 abstractam,

327 921 484 962 (quatenus
496 924 535 952 ad
549 923 766 960 inquisitionem
780 921 914 960 naturae)
927 927 961 951 ut
974 931 1036 951 rem
1048 932 1099 951 va·

390 970 464 999 riam
478 974 508 998 et
520 969 721 1006 perturbatam
736 973 766 998 et
780 969 858 997 male
871 973 1038 997 extructam

413 1015 586 1052 rejiciamus.
625 1015 732 1052 Neque
745 1014 954 1052 postulandum
968 1019 1014 1043 est

454 1067 488 1091 ut
503 1061 566 1099 ejus
579 1061 690 1098 judicio
702 1065 805 1094 stetur,
819 1070 895 1097 quae
910 1061 974 1098 ipsa

552 1108 582 1136 in
593 1107 737 1145 judicium
750 1111 878 1136 vocatur.
