1473 2622
257 334 313 372 380
591 339 644 364 ΝΟ
649 339 730 364 VUM
749 338 941 364 ORGANUM.

299 411 341 440 16.
363 410 415 440 Sol
430 411 523 449 magis
537 410 677 446 calefacit,
690 421 749 448 quo
766 411 859 448 magis
872 409 966 447 vergit
984 410 1022 439 ad
1039 409 1281 447 perpendiculum

257 458 318 486 sive
338 457 451 492 Zenith,
467 458 546 494 quod
567 458 656 485 etiam
677 457 856 486 credendum
872 461 917 485 est
937 456 975 485 de
994 456 1058 485 aliis
1078 456 1213 493 planetis,
1228 465 1284 493 pro

258 503 379 531 modulo
399 513 452 532 suo
472 503 594 538 caloris;
614 503 746 540 exempli
765 503 868 539 gratia,
887 502 993 538 Jovem
1015 502 1108 539 magis
1128 502 1208 539 apud
1229 511 1284 530 nos

260 549 426 584 calefacere,
440 559 508 578 cum
528 549 640 586 positus
658 550 697 578 sit
717 549 772 578 sub
794 548 908 577 Cancro
928 552 981 577 aut
997 548 1099 577 Leone
1119 557 1209 585 quam
1228 548 1287 576 sub

263 595 444 632 Capricorno
464 600 514 623 aut
535 595 678 631 Aquario.

304 647 346 676 17.
368 640 555 670 Credendum
569 646 614 670 est
627 640 719 669 solem
734 641 830 678 ipsum
844 645 874 669 et
890 640 1025 677 planetas
1044 640 1171 676 reliquos
1191 640 1287 676 magis

261 686 420 716 calefacere
433 687 463 715 in
478 688 619 724 perigaeis
632 688 699 722 suis,
713 692 832 724 propter
845 687 1095 724 propinquitatem
1113 686 1152 714 ad
1170 690 1289 720 terram,

262 742 351 769 quam
366 733 395 761 in
409 732 582 770 apogaeis⁴⁷.
622 733 711 770 Quod
725 734 749 761 si
763 733 879 761 eveniat
893 737 926 762 ut
940 733 969 761 in
987 733 1087 769 aliqua
1108 732 1226 769 regione
1244 732 1290 760 sol

436 816 481 839 Τὸν
497 814 517 838 δ’
533 816 546 838 ὅ
561 815 636 846 γέρων
651 814 755 844 Πρίαμσς
770 816 860 846 πρᾶγος
874 813 923 838 ἴδεν
938 814 1107 845 ὀφθαλμοῖσιν,

436 852 591 883 παμφαίνονθ’
606 850 662 876 ὥστ’
678 850 766 883 ἀστέρ’,
784 850 943 882 ἐπεσσύμενον
958 851 1056 879 πεδίοιο,

437 888 463 913 ὄι-
478 888 508 920 ρά
523 888 545 913 τ’
559 888 650 919 ι’νπώρης
665 887 732 919 εἶσιν,
749 888 853 920 ἀρίζηλοι
869 887 896 912 δέ
911 888 933 912 ul
949 888 1017 920 αὐγαὶ

437 926 558 956 φαίνονται
573 926 685 950 πολλοῖσι
702 925 749 956 μετ’
766 925 867 956 ἀστράσι
884 925 963 949 νυκτὸς
978 925 1081 957 ἀμολγῷ·

437 962 489 986 ὅντε
505 961 551 986 κύν’
567 961 677 993 Ὠρίωνος
692 961 814 992 ἐπίκλησιν
829 961 962 986 καλέουσιν.

437 1000 600 1031 λαμπρότατος
616 1000 658 1030 μέν
673 998 708 1023 ὅδ’
724 999 784 1027 ἐστι’,
801 999 870 1023 κακὸν
885 999 913 1023 δέ
927 1008 953 1023 τε
969 999 1033 1029 σῆμα
1048 998 1161 1028 τέτυκται,

438 1036 476 1060 καί
491 1046 517 1061 τε
532 1036 599 1068 φέρει
615 1036 705 1060 πολλὸν
720 1036 818 1067 πυρετὸν
834 1036 934 1060 δειλοῖσι
948 1037 1079 1067 βροτοῖσιν.

874 1073 903 1097 11.
914 1073 971 1097 xxii.
985 1080 1070 1102 ²s-31-
1088 1073 1145 1104 (Cp.
1157 1080 1179 1097 v.
1191 1080 1213 1103 5,
1224 1072 1259 1103 6.)

423 1115 494 1140 ‘Non
511 1123 587 1145 secus,
604 1123 633 1140 ac
649 1116 739 1147 liquida
755 1115 775 1139 si
792 1115 891 1146 quando
909 1118 983 1139 nocte
999 1118 1112 1139 cometae

440 1153 569 1183 Sanguinei
586 1153 687 1183 lugubre
703 1152 800 1182 rubent,
816 1155 859 1176 aut
876 1152 950 1176 Sirius
966 1152 1048 1182 ardor,

442 1190 485 1214 Ille
501 1190 566 1214 sitim
582 1190 731 1220 morbosque
747 1189 829 1213 serens
845 1189 989 1213 mortalibus
1004 1189 1090 1219 aegris,

442 1226 557 1251 Nascitur
573 1230 599 1251 et
615 1227 684 1251 laevo
700 1227 830 1250 contristat
845 1226 936 1250 lumine
952 1226 1064 1250 coelum.¹

512 1265 574 1288 Aen.
585 1271 608 1288 x.
621 1271 706 1293 272—5.
725 1263 781 1294 (Cp.
794 1264 884 1293 Georg.
897 1263 926 1287 iv.
938 1266 1030 1294 425-83
1048 1264 1110 1287 Aen.
1121 1263 1153 1287 iii.
1168 1262 1263 1293 ¹4¹-²·)

270 1305 340 1336 Pliny
359 1306 427 1337 (Nat.
445 1307 511 1331 His-t.
528 1308 552 1331 ii.
569 1315 608 1337 40.
627 1309 688 1331 sect.
704 1306 758 1337 107)
778 1306 820 1330 has
837 1314 868 1330 an
884 1306 1031 1336 interesting
1046 1306 1195 1337 description
1212 1306 1241 1329 of
1253 1306 1296 1329 the

270 1343 391 1373 supposed
401 1343 487 1367 effects
497 1344 526 1367 of
534 1344 576 1367 the
587 1347 645 1373 star,
657 1343 736 1367 which
748 1343 768 1366 is
778 1343 849 1367 there
861 1343 938 1367 called
949 1343 956 1356 ⁴
963 1343 1097 1366 Canicula!

303 1381 310 1393 ‘
319 1380 382 1403 Nam
393 1380 524 1405 Caniculae
535 1384 623 1405 exortu
634 1380 735 1404 accendi
753 1380 813 1404 Solis
823 1387 925 1411 vapores
935 1380 990 1411 quis
1001 1380 1115 1410 ignorat?
1131 1380 1202 1410 cujus
1212 1380 1298 1403 sideris

271 1416 375 1440 effectus
388 1418 526 1448 amplissimi
544 1419 567 1442 in
580 1422 647 1442 terra
662 1418 808 1442 sentiuntur.
842 1417 950 1441 Fervent
961 1418 1037 1441 maria
1048 1417 1176 1441 exoriente
1187 1424 1226 1446 eo,
1237 1416 1298 1440 fluc-

271 1457 343 1478 tuant
359 1455 382 1478 in
397 1455 464 1479 cellis
478 1455 540 1485 vina,
555 1458 686 1480 moventur
700 1458 793 1485 stagna.
826 1455 934 1485 Orygem
949 1455 1055 1485 appellat
1071 1456 1195 1485 Aegyptus
1211 1454 1298 1483 feram,

272 1499 346 1522 quam
358 1492 380 1515 in
398 1496 486 1517 exortu
496 1493 549 1523 ejus
559 1496 647 1517 contra
657 1497 730 1522 stare,
743 1495 768 1516 et
779 1492 892 1516 contueri
904 1492 986 1521 tradit,
998 1499 1027 1515 ac
1038 1492 1104 1515 velut
1119 1491 1230 1520 adorare,
1241 1497 1299 1514 cum

272 1530 412 1553 stemuerit.
445 1531 525 1554 Canes
541 1532 640 1561 quidem
657 1534 712 1554 toto
727 1537 758 1553 eo
769 1527 848 1560 spatio
864 1530 970 1553 maxime
987 1529 1010 1552 in
1028 1529 1122 1552 rabiem
1136 1529 1181 1558 agi,
1194 1535 1244 1552 non
1260 1530 1299 1551 est

273 1566 390 1591 dubium!

305 1604 327 1627 A
339 1604 457 1635 tolerably
467 1604 510 1628 full
521 1608 626 1629 account
636 1605 665 1629 of
674 1605 756 1634 Sirius,
764 1612 794 1629 or
805 1604 921 1628 Canicula
932 1611 957 1628 as
969 1604 988 1628 it
999 1611 1048 1628 was
1059 1604 1202 1628 sometimes
1212 1603 1301 1633 called,

273 1640 294 1664 is
304 1641 374 1670 given
386 1642 410 1665 in
422 1642 528 1672 smyth’s
539 1643 653 1667 Celestial
665 1643 748 1673 Cycle‚
760 1643 807 1666 vol.
819 1643 843 1666 ii.
854 1649 878 1672 p.
893 1644 945 1671 158,
957 1642 1004 1666 ἀς.

305 1676 325 1691 ¹³
340 1688 355 1702 α
367 1679 464 1703 Leonis.
498 1680 543 1703 See
555 1680 659 1710 Smyth's
670 1679 783 1703 Ceiestial
801 1679 884 1709 Cycle‚
895 1679 942 1703 vol.
955 1679 978 1703 ii.
990 1686 1014 1709 p.
1027 1686 1081 1707 ²25,
1093 1678 1139 1702 dcc.
1171 1679 1178 1691 ¹
1187 1678 1300 1708 Ptolemy

274 1715 331 1738 calls
342 1715 390 1739 this
400 1719 451 1739 star
460 1715 607 1746 Βασιλίσκος,
617 1717 680 1740 from
692 1724 722 1740 an
731 1717 830 1747 opinion
841 1716 871 1740 of
880 1717 909 1740 its
920 1716 1068 1745 influencing
1075 1716 1117 1739 the
1129 1715 1209 1739 affairs
1219 1714 1248 1738 of
1256 1715 1300 1739 the

274 1751 392 1782 heavens;
411 1753 510 1777 whence
521 1761 604 1778 comes
619 1754 649 1777 its
662 1754 733 1777 Latin
746 1761 818 1777 name
831 1753 953 1783 Regulus:

306 1788 326 1802 ⁴⁶
342 1799 356 1813 α
372 1790 444 1813 Canis
462 1790 574 1815 Minoris.
607 1792 652 1816 See
673 1791 767 1822 smyrna,
782 1791 828 1815 vol.
849 1791 872 1815 ii.
888 1798 927 1821 pp.
948 1792 1032 1819 182-3.
1064 1789 1127 1813 This
1142 1792 1194 1813 star
1211 1790 1232 1813 is
1251 1789 1302 1813 also

275 1826 353 1850 called
360 1826 477 1858 Προκὺων,
488 1829 591 1853 because
602 1829 620 1852 it
630 1836 731 1859 appears
742 1829 766 1852 in
777 1828 821 1852 the
832 1830 946 1858 morning
954 1827 1033 1856 dawn,
1041 1834 1068 1850 as
1078 1826 1121 1850 the
1133 1833 1265 1857 precursor
1275 1826 1304 1850 of

277 1864 359 1887 Sirius.
392 1865 448 1888 The
465 1865 569 1889 ‘Lesser
585 1866 657 1896 Dog'
674 1873 703 1890 or
720 1866 811 1889 ‘Little
822 1865 894 1895 Dog'
913 1865 932 1888 is
947 1871 962 1888 a
977 1867 1030 1888 star
1045 1863 1073 1887 of
1087 1867 1157 1894 great
1168 1863 1301 1894 brilliancy,

275 1902 368 1932 though
380 1906 424 1927 not
435 1904 518 1935 nearly
528 1912 556 1928 so
566 1904 673 1928 brilliant
684 1912 710 1928 as
721 1905 797 1928 Sirius
808 1911 837 1928 or
847 1904 889 1928 the
901 1905 908 1917 ‘
915 1904 1020 1927 Greater
1032 1903 1105 1932 Dog!

309 1940 409 1965 Horace
421 1941 497 1965 refers
507 1945 535 1966 to
546 1942 595 1966 this
604 1946 655 1966 star
665 1943 713 1967 and
726 1942 833 1972 Regulus
845 1942 868 1965 in
880 1941 922 1965 the
933 1940 1091 1965 well—known
1102 1940 1177 1964 lines:

497 1985 565 2015 ‘Jam
582 1985 661 2009 clarus
676 1985 801 2009 occultum
817 1984 990 2008 Andromedae
1006 1986 1078 2014 pater

510 2022 625 2045 Ostendit
642 2023 737 2052 ignem:
752 2022 804 2052 jam
821 2021 934 2053 Procyon
950 2021 1018 2050 furit,

545 2059 578 2083 1-:t
593 2059 663 2083 stella
678 2059 759 2083 vesani
776 2059 875 2088 Leonis,

577 2097 632 2121 Sole
648 2097 700 2120 dies
716 2096 839 2120 referente
855 2095 949 2120 siccos?

980 2126 1029 2150 od.
1040 2126 1072 2150 iii.
1087 2133 1116 2155 ²⁹
1130 2124 1239 2157 (ιτ-ιο).

309 2163 330 2178 ¹⁷
346 2165 402 2189 The
418 2164 524 2190 furthest
539 2164 587 2190 and
603 2167 700 2189 nearest
716 2165 838 2189 distances
853 2165 966 2189 between
982 2163 1025 2188 the
1041 2163 1111 2187 earth
1127 2162 1176 2187 and
1191 2169 1237 2186 sun
1253 2169 1304 2192 are,
