1473 2622
265 339 323 371 320
600 335 632 360 N
632 336 652 360 0
657 336 681 360 V
681 335 739 361 UM
757 335 952 360 ORGANUM.

266 408 383 438 saecula
396 408 564 438 occidentia*
573 411 603 437 et
616 408 741 437 orientia
756 409 823 443 sint,
835 410 927 445 quam
942 407 1111 436 hominibus
1127 415 1214 437 curae
1229 417 1295 438 esse

267 455 382 490 debere,
396 460 493 484 utrum
507 455 610 484 Novus
624 455 714 484 Orbis
731 455 818 483 suerit
835 454 929 483 insula
949 455 999 483 illa
1014 454 1178 483 Atlantis⁴⁶
1195 459 1226 484 et
1243 465 1294 484 ve·

266 501 322 530 teri
342 501 452 530 mundo
471 501 597 538 cognita,
617 510 655 529 an
674 509 751 529 nunc
771 501 897 538 primum
918 505 1042 538 reperta.
1082 501 1195 530 Rerum
1214 501 1294 531 enim

266 547 396 576 inventio
410 556 429 576 a
446 551 567 576 naturae
588 546 653 575 luce
671 547 808 587 petenda,
824 556 883 575 non
902 547 942 575 ab
961 546 1145 584 antiquitatis
1164 547 1294 577 tenebris

266 594 429 631 repetenda
442 597 494 622 est.

306 640 396 677 Quod
418 649 487 669 vero
510 639 549 668 ad
575 638 765 668 universalem
790 639 878 668 istam
900 639 1157 676 reprehensionem
1177 639 1292 673 attinet,

266 686 459 715 certissimum
473 689 519 714 est
532 694 600 714 vere
614 693 674 713 rem
694 685 850 722 reputanti,
865 693 930 713 eam
949 689 979 713 et
998 685 1091 722 magis
1108 685 1292 722 probabilem

266 742 331 761 esse
343 736 373 760 et
392 733 485 768 magis
504 732 676 765 modestam,
692 739 781 768 quam
801 731 825 759 si
845 731 924 759 sacta
943 730 1046 759 suisset
1065 741 1105 759 ex
1125 735 1218 768 parte.
1259 731 1292 760 Si

268 779 346 807 enim
367 778 396 806 in
417 777 516 815 primis
536 777 705 806 notionibus
724 786 833 806 errores
854 777 975 806 radicati
999 786 1059 806 non
1080 777 1210 813 fuissent,
1229 777 1292 806 fieri

267 833 326 853 non
337 824 482 861 potuisset
492 823 563 861 quin
573 823 713 852 nonnulla
722 827 799 851 recte
810 822 928 850 inventa
940 822 997 850 alia
1010 831 1163 860 perperam
1174 823 1292 853 inventa

268 870 471 898 eon-exissent.
510 869 572 897 Sed
592 878 659 897 cum
679 877 790 896 errores
810 868 1045 896 fundamentales
1068 869 1182 904 fuerint,
1202 873 1292 906 atque

267 916 420 953 ejusmodi,
436 920 467 944 ut
486 915 621 944 homines
637 915 735 952 potius
756 923 801 943 res
820 914 1007 951 neglexerint
1026 924 1061 944 ac
1081 916 1292 952 praeterierint,

267 971 358 999 quam
378 962 415 990 de
436 961 493 990 illis
510 970 633 998 pravum
654 965 705 990 aut
724 961 830 989 salsum
847 961 990 996 judicium
1011 961 1150 995 secer-inu
1171 962 1292 992 minime

267 1008 373 1036 mirum
395 1011 448 1042 est,
466 1008 491 1035 si
510 1007 644 1035 homines
664 1007 694 1035 id
714 1016 772 1035 non
794 1006 971 1035 obtinuerint
991 1008 1070 1043 quod
1091 1017 1151 1036 non
1171 1009 1292 1044 egerint,

268 1063 320 1083 nec
333 1053 372 1082 ad
387 1057 496 1082 metam
513 1052 697 1090 pervenerint
710 1061 800 1089 quam
814 1061 873 1081 non
887 1052 1036 1089 posuerint
1049 1058 1100 1082 aut
1114 1053 1292 1090 collocarint,

246 1092 255 1100 ⁴
267 1108 364 1136 neque
375 1099 453 1128 viam
468 1098 578 1127 emensi
591 1098 650 1126 sint
664 1107 753 1134 quam
768 1107 826 1126 non
839 1098 959 1135 ingressi
973 1099 1031 1127 sint
1045 1103 1097 1127 aut
1110 1098 1292 1129 tenuerint⁴⁰.

306 1145 409 1182 Atque
419 1144 604 1173 insolentiam
617 1144 657 1172 rei
668 1144 747 1181 quod
759 1144 883 1179 attinet;
904 1149 983 1172 certe
997 1144 1021 1172 si
1031 1145 1097 1181 quis
1108 1155 1212 1174 manus
1223 1155 1292 1174 con-

266 1191 375 1221 stantia
389 1195 478 1228 atque
498 1190 575 1220 oculi
591 1190 690 1226 vigore
711 1189 818 1219 lineam
838 1190 932 1227 magis
951 1194 1061 1219 rectam
1081 1195 1134 1220 aut
1153 1191 1292 1220 circulum

268 1237 361 1274 magis
372 1237 532 1274 perfectum
544 1246 576 1265 se
586 1237 749 1265 describere
758 1245 845 1272 posse
856 1245 944 1273 quam
955 1237 1045 1264 alium
1056 1237 1225 1274 quempiam
1235 1237 1291 1266 sibi

265 1287 404 1318 assumat,
419 1283 564 1311 inducitur
576 1282 687 1310 scilicet
700 1282 847 1311 facultatis
863 1283 1061 1319 comparatioz
1088 1283 1167 1320 quod
1186 1283 1211 1311 si
1227 1283 1292 1320 quis

266 1334 378 1358 asserat
391 1338 423 1357 se
432 1328 566 1358 adhibita
577 1329 677 1365 regula
685 1333 737 1357 aut
745 1328 943 1357 circumducto
954 1328 1061 1357 circino
1074 1329 1183 1358 lineam
1197 1329 1292 1367 magis

268 1379 379 1404 rectam
396 1379 448 1403 aut
468 1374 605 1402 circulum
624 1374 718 1412 magis
733 1374 894 1412 perfectum
914 1383 1000 1411 posse
1016 1374 1188 1410 describere,
1201 1383 1292 1412 quam

266 1421 395 1458 aliquem
409 1420 498 1450 alium
512 1421 539 1449 vi
555 1420 617 1450 sola
637 1421 714 1450 oculi
735 1425 765 1450 et
785 1430 897 1456 manue,
910 1421 934 1450 is
954 1425 1033 1450 certe
1054 1430 1113 1450 non
1129 1421 1292 1450 admodum

265 1466 395 1504 jactator
404 1467 496 1496 fuerit.
518 1466 596 1504 Quin
607 1466 671 1501 hoc,
680 1466 758 1504 quod
770 1467 902 1501 dicimus,
911 1475 968 1495 non
978 1466 1072 1495 solum
1084 1467 1113 1495 in
1124 1467 1180 1495 hoc
1191 1471 1292 1496 nostro

266 1517 373 1542 conatu
388 1513 484 1550 primo
494 1517 523 1541 et
535 1513 701 1550 incoeptivo
712 1513 809 1542 locum
819 1513 924 1547 haben
944 1513 996 1541 sed
1011 1513 1101 1541 etiam
1114 1513 1242 1550 pertinet
1251 1513 1291 1542 ad

267 1568 318 1588 eos
326 1561 375 1596 qui
386 1560 452 1588 huic
463 1560 503 1588 rei
513 1560 639 1596 posthac
649 1560 828 1588 incumbent.
849 1559 959 1588 Nostra
973 1559 1051 1588 enim
1064 1560 1112 1587 via
1126 1558 1292 1588 inveniendi

267 1606 404 1634 scientias
423 1611 573 1643 exaequat
589 1605 648 1634 fere
662 1603 813 1643 ingeniafl,
827 1609 857 1634 et
875 1614 935 1634 non
954 1605 1081 1635 multum
1098 1604 1292 1635 excellentiae

298 1716 318 1731 ⁸⁶
335 1718 380 1742 See
393 1717 482 1742 Plato’s
493 1717 617 1749 Timaeus,
631 1726 658 1747 η
672 1717 739 1748 Ε-πς
754 1718 786 1744 D.

298 1753 316 1768 ‘⁸
334 1755 380 1786 Cp,
390 1755 453 1786 Aph.
469 1763 503 1784 3²-

298 1790 318 1805 ¹²
334 1791 380 1822 Cp.
392 1791 453 1822 Aph.
466 1793 494 1816 61
509 1792 555 1816 and
567 1796 626 1816 note
640 1800 674 1817 η.
708 1793 771 1817 This
781 1792 939 1824 anticipation
949 1792 979 1817 of
988 1793 1071 1818 Baeon
1082 1801 1157 1818 never
1166 1793 1210 1818 has
1219 1793 1292 1822 been.

266 1829 315 1853 and
334 1836 409 1853 never
428 1837 473 1853 can
493 1829 531 1858 be.
546 1830 655 1855 realised.
694 1830 779 1855 There
799 1830 818 1855 ls
835 1834 887 1860 not,
905 1831 954 1855 and
972 1831 1043 1856 there
1063 1837 1137 1856 never
1155 1837 1201 1855 can
1219 1830 1260 1860 be,
1275 1837 1292 1855 a

267 1866 415 1890 mechanical
429 1866 528 1890 method
540 1867 568 1890 of
577 1867 708 1898 invention,
721 1867 854 1898 furnishing
869 1867 933 1892 rules
944 1868 1058 1899 whereby
1070 1875 1127 1892 men
1141 1875 1196 1899 may
1209 1868 1292 1892 invent

266 1906 317 1928 arts
333 1911 363 1928 or
379 1903 450 1928 make
468 1904 613 1928 discover-ies
623 1904 681 1929 with
699 1904 740 1929 the
756 1911 823 1929 same
839 1905 930 1936 facility
943 1905 991 1929 and
1007 1905 1128 1936 certainty
1138 1905 1199 1929 with
1211 1903 1292 1929 which

265 1941 326 1972 they
340 1949 383 1965 use
399 1949 414 1966 a
429 1942 482 1972 pair
498 1941 527 1966 of
541 1949 684 1973 compassos.
718 1942 775 1967 The
789 1950 875 1967 reason
893 1942 921 1966 of
938 1943 986 1966 this
1000 1943 1168 1974 imposibility
1182 1943 1201 1967 is
1215 1944 1244 1966 to
1259 1942 1292 1966 be

265 1977 355 2008 sought
366 1981 411 2002 not
421 1979 478 2009 only
491 1979 514 2002 in
530 1979 572 2002 the
586 1980 735 2010 complexity
745 1980 792 2004 and
810 1979 943 2011 ‘subtlety'
961 1979 990 2004 of
1003 1983 1090 2004 nature
1107 1979 1196 2008 (which
1209 1979 1292 2003 Bucen

266 2014 372 2044 thought
382 2018 411 2039 to
421 2015 452 2039 be
464 2016 536 2040 much
545 2017 644 2047 simplet·
654 2017 714 2041 than
725 2017 744 2041 it
755 2017 785 2046 is)
794 2017 842 2041 and
853 2017 878 2040 in
890 2017 933 2041 the
943 2017 1066 2041 laborious
1073 2017 1122 2041 and
1130 2017 1292 2048 compunta!

265 2051 395 2076 character
404 2053 434 2076 os
442 2059 515 2082 many
526 2052 554 2076 of
563 2052 606 2077 the
616 2060 743 2083 processe·
753 2053 781 2078 of
790 2054 926 2083 masenius.
936 2054 982 2078 but
999 2054 1048 2078 also
1063 2054 1089 2078 in
1103 2054 1146 2078 the
1158 2054 1292 2084 important

266 2089 322 2118 and,
339 2089 436 2119 indeed,
455 2089 631 2120 indispensable
653 2091 722 2116 share
741 2091 820 2116 which
839 2091 996 2121 imaginatum
1015 2091 1058 2116 hu
1075 2091 1100 2116 in
1121 2091 1152 2115 all
1173 2090 1292 2115 scientifie

265 2125 400 2158 discovery.
433 2126 496 2150 Now
511 2127 552 2150 for
567 2127 609 2150 the
625 2128 775 2152 stimulation
793 2128 840 2152 and
857 2128 967 2152 exerclse
983 2127 1012 2152 of
1026 2129 1068 2152 the
1085 2127 1242 2158 imaginatio-1
1258 2134 1293 2152 no

265 2163 331 2188 mles
346 2171 391 2189 mn
407 2163 439 2188 be
454 2164 534 2195 given,
544 2163 638 2196 though
651 2164 694 2189 ihc
710 2165 817 2190 habitus!
831 2164 985 2190 obser-vauca
1000 2165 1030 2189 of
1042 2165 1087 2190 the
1101 2165 1217 2196 ordinary
1227 2164 1294 2190 mles

1242 2327 1406 2426 A
