1473 2622
925 173 1406 318 ἡ

246 336 305 367 310
581 331 634 357 No
639 332 662 356 V
663 331 721 357 ΗΜ
738 331 933 358 ORGANUM.

246 410 422 441 commenta,
448 408 605 442 postquam
632 405 671 433 ab
697 404 843 433 evidentia
869 413 965 433 rerum
990 404 1137 442 disjuncta
1162 409 1194 434 et
1218 404 1273 434 ab·

247 457 355 481 sti-acta
368 451 480 480 fuerint.
518 450 623 487 Atque
635 450 722 486 hujus
740 450 805 479 viae
826 451 922 479 exitus
943 451 972 479 in
986 455 1089 487 aperto
1103 456 1156 486 est,
1169 455 1199 479 et
1211 450 1274 480 sere

246 498 275 527 in
295 498 477 535 propinqum
506 497 626 526 alterius
646 497 744 524 exitus
764 497 869 529 nullus,
889 497 942 526 sed
963 497 1125 533 implicatio
1149 497 1273 526 infinita.

247 544 391 572 Homines
410 544 487 572 enim
505 543 602 572 adhuc
615 552 735 580 parvam
754 543 785 571 in
799 543 993 580 Experientia
1006 552 1120 572 moram
1134 543 1272 578 fecerunt,

246 595 276 619 et
296 599 362 619 eam
380 589 484 619 leviter
502 589 741 626 perstrinxerunt,
758 589 811 617 sed
832 589 861 617 in
882 589 1122 618 meditationibus
1143 593 1174 618 et
1189 599 1271 619 com-

245 635 474 665 mentationibus
494 635 602 672 ingenii
626 634 772 663 infinitum
792 638 910 672 tempus
931 635 1138 664 contriverunt.
1175 635 1269 672 Apud

245 692 299 711 nos
316 692 386 711 vero
403 682 427 711 si
451 685 527 711 esset
548 685 665 718 praesto
683 681 829 718 quispiam
845 682 894 718 qui
911 682 950 710 de
967 681 1043 711 facto
1063 681 1212 711 naturae-,²⁸
1229 683 1270 712 ad

244 729 423 766 interrogans
447 728 646 765 responderet,
673 736 831 764 paucorum
861 737 1004 757 annorum
1033 732 1111 757 esset
1139 728 1270 758 inventio

244 783 396 804 causarum
410 778 440 803 et
452 774 639 803 scientiarum
652 774 792 802 omnium.

699 847 817 876 CXIII.

283 901 384 930 Etiam
404 900 536 929 nonnihil
554 899 722 929 hominibus
743 901 804 937 spei
824 900 885 929 fieri
903 910 990 938 posse
1007 905 1145 938 putamus
1161 901 1200 930 ab
1216 911 1270 930 ex-

244 947 343 985 emplo
357 951 456 976 nostro
470 946 605 983 proprio3
625 955 720 983 neque
730 946 891 983 jactantiae
903 956 990 976 causa
1009 946 1064 976 hoc
1078 947 1202 976 dicimus
1216 947 1268 976 sed

243 993 322 1031 quod
344 993 414 1022 utile
432 993 512 1021 dictu
533 993 579 1020 sit.
621 992 653 1021 Si
674 993 722 1028 qui
744 993 886 1027 diffidant,
907 1002 954 1021 mc
974 993 1102 1027 videant,
1117 993 1268 1022 hominem

243 1041 319 1068 inter
330 1039 464 1068 homines
473 1039 580 1067 aetatis
594 1047 677 1067 meae
692 1039 822 1067 civilibus
836 1040 961 1076 negotiis
974 1039 1268 1076 occupatissimumw,

243 1095 298 1115 nec
310 1086 395 1114 firma
407 1085 567 1114 admodum
581 1084 749 1114 valetudine
763 1083 854 1123 (quod
869 1094 1011 1123 magnum
1024 1086 1113 1115 habet
1127 1086 1269 1123 temporis

242 1130 448 1171 dispendium),
464 1137 553 1169 atque
575 1132 603 1160 in
623 1131 679 1160 hac
699 1141 730 1160 re
749 1132 836 1169 plane
856 1132 1077 1170 protopirum²¹,
1097 1137 1127 1162 et
1145 1133 1268 1170 vestigia

243 1179 349 1208 nullius
370 1183 532 1216 sequuth
553 1187 649 1214 neque
664 1177 737 1206 haec
758 1178 820 1215 ipsa
842 1187 907 1206 cum
925 1179 984 1207 ullo
1001 1179 1170 1207 mortalium
1187 1189 1268 1208 com-

243 1226 447 1258 municantem,
469 1228 498 1253 et
518 1228 618 1253 tamen
641 1233 741 1252 veram
762 1224 840 1253 viam
861 1229 1031 1254 constanter
1051 1226 1214 1262 ingressum
1237 1229 1268 1254 et

243 1271 391 1308 ingenium
413 1270 498 1300 rebus
518 1269 749 1304 submittentem,
768 1269 840 1299 haec
859 1270 922 1306 ipsa
942 1270 1127 1308 aliquatenus
1146 1269 1193 1310 (ut
1214 1281 1267 1300 ex-

243 1315 419 1356 istimamus)
437 1317 626 1353 provexisse:
648 1320 678 1344 et
696 1316 835 1353 deinceps
853 1318 979 1352 videant,
999 1319 1068 1354 quid
1086 1319 1123 1346 ab
1141 1318 1268 1346 homini-

242 1364 297 1392 bus
315 1364 375 1392 otio
393 1363 618 1398 abundantibus,
635 1367 726 1400 atque
743 1372 762 1391 a
779 1363 929 1392 laboribus
948 1365 1130 1399 consociatis,
1147 1369 1236 1400 atque
1249 1373 1267 1394 a

241 1415 409 1447 temporum
427 1409 616 1443 successione,
633 1413 700 1446 post
717 1409 790 1438 haec
809 1409 916 1438 indicia
933 1415 1032 1440 nostra
1048 1411 1268 1448 expectandum

242 1456 297 1491 sit;
329 1456 497 1493 praesertim
523 1455 551 1484 in
575 1455 623 1484 via
645 1465 722 1492 quae
742 1465 800 1484 non
820 1456 942 1493 singulis
961 1457 1148 1486 solummodo
1169 1457 1268 1494 pervia

242 1506 287 1531 est
306 1499 350 1541 (ut
372 1502 405 1530 fit
425 1503 455 1530 in
472 1502 519 1530 via
540 1502 589 1530 ina
613 1500 767 1540 rationali),
787 1503 838 1530 sed
861 1503 910 1530 ubi
929 1503 1082 1532 hominum
1104 1503 1219 1531 labores
1237 1507 1268 1530 et

273 1593 292 1607 ¹·
308 1593 364 1617 The
381 1596 450 1623 great
466 1593 591 1623 difficulty,
602 1593 685 1616 Bacon
701 1599 780 1616 seems
795 1595 821 1616 to
837 1593 899 1617 have
915 1593 1028 1624 thought,
1039 1601 1088 1618 was
1103 1596 1131 1618 to
1147 1593 1282 1618 ascertain-

241 1630 284 1654 the
300 1629 363 1654 facts
379 1630 407 1654 of
421 1633 516 1660 nature,
528 1629 612 1653 rather
624 1629 683 1654 than
698 1633 724 1654 to
738 1629 806 1654 draw
817 1629 860 1654 the
876 1631 941 1660 right
958 1631 1095 1656 inserences
1110 1630 1175 1655 from
1189 1631 1266 1655 them.

242 1667 320 1698 Here,
332 1668 408 1698 again,
420 1675 457 1691 we
473 1675 514 1692 see
532 1667 574 1691 the
591 1668 742 1701 importance
754 1667 831 1691 which
849 1667 880 1692 he
896 1668 1012 1692 attached
1026 1671 1054 1692 to
1067 1675 1082 1692 a
1092 1668 1207 1700 properly
1218 1668 1266 1692 and

241 1703 385 1735 adequately
396 1703 546 1728 constituted
556 1703 657 1728 Natural
670 1704 780 1734 History.

271 1740 292 1755 ’⁰
308 1741 338 1765 In
349 1741 392 1765 the
403 1741 517 1772 Cogitata
529 1744 556 1765 et
567 1741 624 1765 Visa
636 1741 676 1771 (E.
688 1741 735 1765 and
747 1742 779 1771 8.,
790 1741 836 1765 vol.
851 1741 883 1766 iii.
898 1749 922 1773 p.
933 1742 1000 1772 ⁶¹9),
1011 1742 1043 1766 be
1060 1742 1146 1774 speaks
1161 1742 1190 1766 of
1202 1742 1267 1767 him·

239 1778 288 1802 sels
300 1785 325 1802 as
342 1778 430 1802 ‘rebus
444 1778 552 1802 civilibus
568 1778 622 1809 plus
639 1786 711 1809 quam
722 1778 796 1802 vellet
812 1779 947 1804 immistus-¹
979 1780 1036 1804 The
1053 1781 1129 1805 union
1145 1780 1175 1804 of
1186 1781 1267 1805 scien·

240 1815 290 1839 tific
307 1815 354 1839 and
372 1815 425 1839 civil
443 1816 628 1847 employments,
645 1819 673 1838 to
689 1815 768 1839 which
786 1815 869 1840 Bacon
886 1817 945 1841 here
961 1817 1061 1847 allodes,
1072 1817 1180 1842 reminds
1196 1824 1225 1842 ns
1239 1817 1269 1842 ot·

241 1853 361 1884 Cowley's
371 1853 511 1878 celebrated
523 1854 596 1878 lines:

445 1896 553 1925 ‘Bncorn
571 1899 597 1920 at
612 1897 665 1926 last,
681 1903 697 1920 a
712 1896 806 1928 mighty
821 1903 886 1927 mnu,
902 1904 982 1926 arose,

508 1933 600 1958 whom
617 1941 632 1958 a
649 1934 705 1958 wisc
723 1933 788 1964 King
804 1935 854 1958 and
870 1934 964 1959 Nature
981 1935 1055 1960 chose

507 1970 735 1995 Lord-Chancellor
750 1969 779 1994 of
792 1970 853 1995 both
869 1971 934 1996 their
949 1971 1024 1996 laws:

268 2013 286 2027 ‘³¹
304 2014 474 2046 Πρω-ἄπειροι,
485 2013 528 2037 the
544 2013 597 2038 first
613 2021 669 2038 man
685 2017 714 2038 to
728 2013 800 2037 make
814 2014 858 2038 the
869 2014 932 2039 trial.
965 2014 1023 2040 The
1033 2017 1147 2045 account,
1159 2016 1229 2046 given
1241 2015 1266 2040 in

237 2050 280 2075 the
301 2050 482 2081 Introduction,
502 2051 515 2082 §
531 2058 567 2081 13,
586 2051 616 2075 οἵ
635 2051 736 2075 authoxs
756 2053 946 2082 contemporary
966 2052 1025 2076 with
1047 2060 1078 2077 or
1098 2052 1187 2077 earlier
1206 2051 1267 2079 than

236 2087 329 2118 Bacon,
339 2088 396 2113 who
413 2088 460 2112 had
477 2088 624 2119 naucipated
642 2089 753 2119 porticus
765 2088 795 2112 of
807 2088 844 2113 his
854 2089 976 2120 taching,
989 2090 1035 2114 will
1050 2090 1117 2115 shew
1128 2089 1182 2114 that
1195 2089 1267 2115 there

236 2126 256 2149 is
265 2133 335 2151 some
346 2126 517 2155 exaggeration
529 2126 552 2150 in
565 2126 612 2149 this
625 2128 767 2150 statement.
799 2125 915 2157 Perhaps,
927 2127 1048 2157 however.
1060 2127 1093 2153 he
1110 2128 1130 2152 is
1145 2128 1267 2159 referring

234 2163 292 2195 only
303 2166 330 2188 to
341 2163 383 2188 the
397 2163 523 2188 inductiva
535 2163 641 2188 Method
652 2163 791 2188 delineated
803 2163 828 2188 in
839 2163 886 2188 Bk.
899 2163 922 2188 ii.

1244 2360 1406 2430 ΞΑ
