1473 2622
293 348 306 369 1
312 347 348 377 72
598 343 664 368 DIS
666 343 782 369 TRIBU
782 343 806 368 T
803 343 843 369 10
864 343 1007 375 OPERIS,
1401 378 1402 391 ἵ

290 421 366 447 sunt.
404 417 512 455 Neque
528 417 598 446 huic
615 417 707 446 labori
726 421 757 446 et
769 416 950 453 inquisitioni
963 427 1000 447 ac
1015 417 1184 447 mundanae
1200 426 1320 456 peram·

290 463 441 498 bulationi‚
462 464 521 492 ulla
543 463 650 501 ingenii
673 467 726 492 aut
752 464 952 492 meditationis
978 467 1031 492 aut
1052 465 1321 501 argumentationis

291 509 461 538 substitutio
484 514 535 539 aut
557 509 758 547 compensatio
781 509 914 539 sufficere
937 514 1054 546 potem
1083 519 1143 539 non
1169 510 1195 539 si
1217 510 1321 539 omnia

291 556 424 584 omnium
438 556 555 592 ingenia
569 555 698 585 coierint.
738 555 844 592 Itaque
860 560 911 584 aut
927 555 984 585 hoc
1001 564 1121 593 prorsus
1137 556 1321 588 habendum,

291 605 345 630 aut
371 603 522 638 negotium
551 602 579 630 in
609 606 784 638 perpetuum
811 603 1015 630 deserendum.
1064 602 1116 630 Ad
1143 602 1223 632 hune
1249 611 1321 631 vero

291 656 386 684 usque
402 648 480 676 diem
501 648 543 676 ita
562 657 628 676 cum
649 647 819 676 hominibus
836 653 936 677 actum
957 653 1010 684 est,
1023 653 1057 677 ut
1073 648 1196 677 minime
1212 649 1321 677 mirum

291 693 331 722 sit
343 693 366 721 si
381 698 485 722 natura
498 693 544 722 sui
557 693 671 731 copiam
687 702 746 722 non
759 693 856 723 faciat.

332 739 411 767 Nam
429 741 532 777 primo¹
546 749 649 768 sensus
663 741 755 777 ipsius
767 740 942 775 informatio,
956 744 986 769 et
999 741 1138 768 deserens
1151 744 1182 769 et
1195 740 1322 776 sallens3

291 785 465 822 observatio,
478 785 634 823 indiligens
655 791 684 815 et
705 786 865 823 inaequalis
885 791 916 815 et
934 791 1077 823 tanquam
1097 786 1236 822 fortuita3
1260 791 1323 816 tra-

291 831 373 867 ditio,
386 841 462 860 vana
482 836 511 861 et
531 841 571 860 ex
591 840 724 867 rumore;
749 833 886 869 practica,
902 832 984 869 operi
1003 832 1118 862 intenta
1138 838 1169 862 et
1188 832 1323 868 servilis;

291 879 335 906 vis
348 878 594 915 experimentalis,
606 887 700 914 caeca,
714 879 840 915 stupida,
850 888 934 915 vaga„
949 883 980 907 et
993 883 1169 916 praerupta;
1189 879 1324 916 denique

291 924 413 952 historia
429 924 575 957 naturalis,
590 923 662 953 levis
679 929 710 953 et
728 925 820 962 inops,
835 925 1051 953 vitiosissimam
1065 925 1220 953 materiam
1234 925 1325 954 intel-

291 969 380 999 lectui
395 971 431 999 ad
446 969 662 1008 philosophiam
676 976 706 999 et
720 970 856 999 scientias
869 975 1086 1008 congesserunt.

331 1017 455 1052 Deinde,
475 1021 663 1054 praepostera
689 1017 913 1054 argumentandi
938 1017 1087 1046 subtilitas
1113 1019 1143 1046 et
1164 1017 1324 1047 ventilatio

293 1072 389 1092 serum
405 1063 489 1092 rebus
503 1063 591 1100 plane
605 1063 765 1100 desperatis
777 1067 908 1092 tentatur
920 1063 1091 1098 remedium,
1102 1073 1156 1092 nec
1166 1064 1323 1100 negotium

293 1109 354 1138 ullo
375 1110 464 1141 modo
486 1109 612 1138 restituit
637 1114 690 1139 aut
715 1119 825 1138 errores
851 1113 977 1147 separat.
1027 1108 1132 1146 Itaque
1152 1108 1235 1138 nulla
1253 1118 1325 1148 spes

293 1155 412 1193 majoris
430 1156 582 1192 augmenti
597 1165 633 1185 ac
650 1165 821 1193 progressus
838 1156 894 1184 sita
914 1159 967 1191 est,
983 1155 1038 1184 nisi
1058 1155 1089 1184 in
1108 1155 1323 1186 rmtauratione

293 1203 421 1239 quadarn
436 1203 632 1231 scientiarum.

332 1248 430 1285 Hujus
450 1253 550 1277 autem
566 1247 689 1277 exordia
708 1248 830 1277 omnino
849 1257 868 1277 a
888 1247 1013 1276 naturali
1033 1247 1156 1276 historia
1175 1247 1323 1278 sumenda

293 1298 368 1327 sunt.
384 1304 478 1331 eaque
493 1294 555 1331 ipsa
569 1295 637 1323 novi
654 1294 699 1331 cuj
705 1295 807 1322 usdam
821 1295 936 1331 generis
950 1298 981 1323 et
993 1298 1161 1332 apparatus.
1201 1294 1323 1324 Frustra

293 1341 372 1368 enim
393 1340 477 1368 fuerit
498 1339 649 1377 speculum
670 1341 810 1377 expolire,
830 1341 854 1368 si
874 1340 972 1368 desint
991 1341 1154 1378 imaginem
1181 1344 1213 1369 et
1232 1341 1322 1378 plane

293 1386 416 1415 materia
430 1386 535 1415 idonea
546 1387 747 1424 praeparanda
760 1392 804 1416 est
819 1386 986 1419 intellectui,
999 1395 1058 1415 non
1068 1386 1164 1416 solum
1177 1387 1322 1424 praesidia

292 1432 352 1461 fida
366 1433 572 1470 comparanda.
611 1432 719 1462 Differt
737 1442 807 1462 vero
826 1441 923 1461 rursus
942 1432 1064 1461 historia
1085 1437 1186 1462 nostra
1205 1431 1322 1471 (quem-

293 1479 453 1508 admodum
478 1479 573 1516 logica
596 1477 708 1516 nostra)
728 1479 766 1507 ab
787 1488 821 1507 ea
841 1488 918 1516 quae
943 1479 1075 1513 habetur,
1096 1478 1196 1507 multis
1217 1479 1321 1508 rebus:

293 1525 352 1554 fine
372 1525 431 1554 sive
450 1525 551 1560 officio,
567 1525 630 1562 ipsa
649 1524 728 1554 mole
746 1529 775 1554 et
796 1525 938 1562 congerie,
952 1525 1021 1553 dein
1040 1524 1214 1559 subtilitate,
1230 1525 1321 1555 etiam

293 1571 407 1601 delectu
422 1575 452 1599 et
466 1571 673 1600 constitutione
687 1571 717 1599 in
730 1571 831 1599 ordine
845 1571 883 1599 ad
900 1580 934 1599 ea
948 1579 1024 1608 quae
1036 1575 1205 1608 sequuntur.

332 1617 430 1645 Primo
445 1618 521 1644 enirn
537 1627 601 1645 eam
617 1617 808 1654 proponimus
821 1616 974 1644 historiam
990 1617 1161 1652 naturalem,
1171 1627 1249 1654 quae
1262 1627 1321 1646 non

293 1667 356 1692 tam
370 1667 420 1691 aut
432 1672 527 1691 rerum
539 1663 680 1692 varietate
694 1662 822 1692 delectet
831 1667 883 1691 aut
893 1663 1040 1700 praesenti
1052 1663 1323 1700 experimentorum

293 1709 388 1738 fructu
407 1708 500 1745 juvet,
519 1717 608 1745 quam
637 1708 732 1738 lucem
761 1708 922 1737 inventioni
949 1717 1103 1737 causarum
1129 1708 1273 1743 affundat.
1291 1714 1324 1740 et

294 1755 497 1792 philosophiae
510 1756 717 1784 enutrieandae
731 1756 856 1792 primam
871 1764 1032 1784 mammam
1047 1755 1196 1792 praebat.
1235 1754 1324 1785 Licet

294 1801 373 1830 enim
394 1810 484 1838 opera
503 1805 594 1838 atque
614 1802 739 1830 activam
758 1801 944 1835 scientiarum
963 1805 1079 1838 partem
1098 1802 1258 1838 praecipue
1277 1810 1325 1831 se-

294 1856 425 1885 quamur,
446 1851 546 1876 tamen
571 1847 674 1876 messis
696 1852 815 1884 tempus
838 1852 1040 1884 expectamus,
1057 1856 1113 1877 nec
1133 1856 1268 1877 muscum
1291 1851 1324 1878 et

293 1897 424 1931 segetem
451 1892 604 1922 herbidam
628 1894 778 1922 demetere
803 1903 953 1922 conamur.
1004 1893 1084 1922 Satis
1104 1893 1183 1922 enim
1205 1894 1325 1930 seimus,

293 1940 446 1968 axiomata
467 1944 544 1968 recte
567 1940 686 1968 inventa
709 1944 772 1968 tota
794 1939 914 1976 agmina
934 1949 1058 1981 operum
1075 1949 1176 1969 secum
1198 1939 1323 1975 trahae,

292 1989 383 2023 atque
406 1995 496 2022 opera
523 1994 581 2014 non
608 1985 732 2022 sparsim
753 1985 805 2014 sed
830 1985 984 2015 confertim
1011 1985 1162 2016 exhibere.
1211 1985 1325 2016 Intem-

294 2032 440 2068 pestivum
455 2035 554 2060 autem
574 2031 654 2060 illum
674 2035 705 2060 et
721 2031 865 2068 puerilem
877 2032 1026 2066 affectum,
1040 2035 1073 2060 ut
1085 2033 1211 2069 pignora
1223 2032 1325 2070 aliqua

293 2087 434 2107 novorum
461 2087 583 2116 operum
607 2087 731 2116 propere
758 2081 921 2115 captentur,
943 2087 1064 2115 prorsus
1089 2078 1267 2107 damnamus
1292 2082 1325 2108 et

293 2133 473 2160 amovemus,
500 2133 553 2152 ceu
586 2133 708 2162 pomum
735 2123 898 2153 Atalantae
924 2124 1004 2161 quod
1037 2133 1156 2153 cursum
1183 2124 1324 2154 retardat.

293 2170 396 2209 Atque
412 2170 562 2200 Historiae
576 2175 694 2200 nostrae
706 2170 858 2199 Naturalis
870 2170 999 2199 officium
1013 2170 1075 2200 tale
1087 2174 1140 2201 eet.
