1473 2622
230 336 285 372 156
501 338 589 363 EPIS
592 339 615 363 T
614 339 686 364 OLA
706 339 849 364 DEDICA
854 340 879 364 T
878 340 965 365 ORJA
968 357 976 365 .

226 415 318 444 affero
335 414 374 443 sit
391 412 469 447 boni,
482 413 513 441 id
534 412 694 441 immensae
710 413 924 441 misericordiae
942 418 972 442 et
992 414 1117 443 bonitati
1136 414 1255 444 divinae

226 465 258 489 et
271 459 420 489 foelicitati
434 463 601 495 temporum
614 463 732 487 tuorum
745 459 906 488 tribuatur:
927 460 973 488 cui
986 464 1017 489 et
1030 461 1113 488 vivus
1126 461 1255 497 integer-

227 506 301 534 rimo
325 506 432 534 affectu
457 504 569 539 servivi,
588 509 619 533 et
643 509 776 533 mortuus
799 505 922 534 sortasse
944 506 975 534 id
997 505 1129 541 effecero,
1150 511 1183 535 ut
1203 507 1254 535 illa

226 551 399 589 posteritati,
423 559 499 579 nova
527 550 583 578 hac
609 559 733 579 accensa
751 550 815 579 sace
841 551 871 579 in
893 551 1096 588 philosophiae
1116 553 1255 587 tenebris,

226 597 393 634 praelucere
412 596 533 633 possint.
574 595 681 624 Merito
701 600 800 624 autem
823 597 1003 633 temporibus
1024 597 1099 634 regis
1119 599 1254 627 omnium

225 642 432 680 sapientissimi
458 645 490 670 et
516 641 678 670 doctissimi
705 642 901 679 Regeneratio
930 643 987 671 ista
1015 648 1046 672 et
1074 644 1254 673 Instauratio

225 689 412 718 scientiarum
441 688 574 716 debetur.
623 687 764 724 Superest
791 689 903 725 petitio,
930 689 1088 725 Maiestate
1113 695 1165 718 tua
1193 700 1252 719 non

225 735 353 771 indigna,
371 738 402 762 et
422 734 552 761 maxime
572 733 705 761 omnium
725 733 835 761 faciens
856 734 893 762 ad
913 734 943 762 id
959 736 1039 771 quod
1060 736 1165 772 agitur.
1206 737 1252 765 Ea

224 786 278 816 est,
301 785 333 809 ut
356 780 476 817 quando
500 779 693 808 Salomonem
720 780 750 808 in
777 779 911 816 plurimis
938 781 1052 815 referas,
1072 781 1250 818 judiciorum

223 827 376 865 gravitate,
396 835 487 863 regno
508 825 639 862 pacifico,
659 826 755 854 cordis
776 826 939 862 latitudine,
959 827 1099 856 librorum
1123 829 1252 866 denique

224 883 299 910 quos
326 872 516 909 composuisti
546 871 636 899 nobili
665 872 814 906 varietate,
840 872 929 900 etiam
960 872 1016 902 hoc
1048 875 1086 902 ad
1117 874 1251 911 ejusdem

225 919 301 955 regis
330 917 502 954 exemplum
529 916 632 951 addas,
655 921 689 945 ut
717 926 799 945 cures
827 917 988 946 Historiam
1018 919 1192 948 Naturalem
1220 925 1251 949 et

225 963 507 1001 Experimentalem‚
540 971 640 991 veram
673 967 704 991 et
739 972 870 992 severam
904 963 1012 1001 (missis
1045 965 1251 1005 philologieis),

222 1015 254 1039 et
282 1019 357 1046 quae
384 1009 422 1037 sit
449 1009 479 1037 in
506 1008 609 1036 ordine
638 1008 677 1036 ad
705 1009 891 1037 condendam
921 1010 1146 1047 philosophiam,
1167 1013 1251 1041 deni-

222 1065 282 1093 que
308 1055 425 1092 qualem
452 1063 506 1082 suo
535 1053 601 1082 loco
632 1054 837 1089 describemus,
863 1057 981 1092 congeri
1007 1061 1038 1085 et
1063 1058 1182 1094 perfici:
1217 1064 1249 1087 ut

222 1102 344 1130 tandem
362 1104 431 1138 post
451 1104 496 1129 tot
517 1100 619 1128 mundi
639 1105 751 1129 aetates
771 1101 958 1138 philosophia
978 1107 1008 1131 et
1028 1103 1169 1132 scientiae
1189 1114 1248 1133 non

221 1148 282 1176 sint
310 1147 436 1184 amplius
465 1145 591 1183 pensiles
622 1150 653 1175 et
686 1149 798 1181 aereae,
828 1148 880 1175 sed
914 1148 1016 1176 solidis
1047 1151 1250 1186 experientiae

299 1193 484 1229 omnigenae,
517 1191 709 1228 ejusdemque
740 1192 815 1220 bene
844 1194 1014 1229 pensitatae,
1042 1195 1173 1224 nitantur

338 1237 545 1267 fundamentis.
585 1237 733 1274 Equidem
754 1238 905 1275 Organum
926 1240 1063 1276 praebui;
1083 1250 1133 1270 ve-

388 1293 454 1312 rum
475 1283 611 1312 materies
634 1293 652 1312 a
675 1284 761 1312 rebus
785 1284 855 1321 ipsis
879 1286 1007 1322 petenda
1027 1292 1080 1315 est.

466 1329 549 1358 Deus
578 1329 650 1366 Opt.
680 1329 763 1358 Max.
805 1330 995 1367 Majestatem

549 1380 632 1404 tuam
652 1375 702 1404 diu
725 1380 820 1405 servet
840 1377 919 1406 inco-

676 1421 796 1451 lumem.

490 1641 699 1671 serenissimae
716 1641 872 1678 Majestati
890 1645 955 1670 tuae

644 1703 755 1732 Servus
772 1702 1013 1738 devinctzksimus,

939 1769 970 1794 et

863 1826 1071 1862 devotissimus,

729 1909 1000 1939 FRANCISCUS
1020 1910 1244 1946 VERULAM,

850 1971 1120 2001 CANCELLARIUS.
