1473 2622
265 335 282 365 3
283 335 322 366 3ο
598 331 651 356 No
657 331 738 359 VUM
756 331 950 357 ORGANUM.

263 403 352 433 etiam
367 412 420 441 per
431 408 526 434 status
539 405 795 442 comparationem,
810 410 889 434 recte
903 405 960 434 dici
974 404 1077 442 possit.
1115 402 1220 442 Atque
1230 403 1292 434 hoc

262 457 322 478 non
335 450 438 484 solum,
454 459 512 480 non
527 451 648 486 coelum,
663 461 722 480 non
736 461 866 489 corpora,
880 451 933 481 sed
945 457 1024 481 artes
1036 454 1196 489 praestant.

302 496 421 532 Rursus,
435 498 494 526 vim
512 502 542 526 et
554 498 692 526 virtutem
710 503 739 526 et
757 498 981 536 consequentias
994 507 1089 527 rerum
1104 497 1291 526 inventarum

262 546 364 572 notare
375 542 460 580 juvat
471 553 478 579 ς
499 553 576 580 quae
589 553 648 572 non
660 544 690 572 in
705 544 769 572 aliis
782 544 965 573 manifestius
978 546 1139 578 occurrunt,
1154 552 1246 581 quam
1259 543 1291 572 in

262 587 320 617 illis
346 588 439 618 tribus
462 598 540 626 quae
565 590 692 627 antiquis
720 590 895 626 incognitae,
918 595 950 619 et
970 599 1095 628 quarum
1122 588 1291 627 primordia,

263 632 332 662 licet
352 635 487 669 recentia,
502 635 624 664 obscura
642 639 673 664 et
692 635 815 672 ingloria
831 640 917 664 suut:
936 635 1022 664 Artis
1034 635 1171 664 nimirum
1186 635 1292 672 Impri-

265 680 371 715 mendi‚
385 680 513 710 Pulveris
526 681 730 717 Tormentarii,
744 686 774 711 et
787 681 870 711 Acus
886 682 1032 711 Nauticae
1038 682 1070 712 ⁷⁰.
1112 681 1196 710 Haec
1210 681 1292 710 enim.

263 726 319 754 tria
342 734 437 755 rerum
461 727 566 756 faciem
589 731 619 756 et
641 732 751 757 statum
774 729 804 756 in
828 729 899 757 orbe
918 733 1062 757 terrarum
1082 730 1291 756 mutaverunt:

262 772 397 807 primurn,
416 773 446 800 in
466 783 497 801 re
517 774 664 808 literaria;
684 775 853 808 secundum,
870 775 900 803 in
918 783 950 803 re
968 774 1095 809 bellica3
1115 773 1244 807 tertium,
1258 773 1292 802 in

262 818 512 856 navigationibus:
542 820 620 848 unde
641 820 810 848 innumerae
829 830 926 848 rerum
947 821 1125 849 mutationes
1145 823 1289 857 sequutae

261 869 347 899 sunt;
368 869 400 893 ut
414 874 473 894 non
487 865 642 902 imperium
655 865 783 903 aliquod,
795 875 854 895 non
867 870 956 899 secta,
968 875 1027 895 non
1040 865 1134 899 stella,
1145 864 1289 902 majorem

263 910 421 938 efficaciam
445 915 475 939 et
496 913 579 948 quasi
603 911 747 940 influxum
772 921 861 949 super
886 921 933 940 res
958 913 1102 941 humanas
1125 911 1291 940 exercuisse

266 955 406 990 videatur,
420 966 510 994 quam
525 958 580 986 ista
593 958 763 987 mechanica
776 962 977 987 exercuerunt.

304 1002 458 1031 Praeterea
471 1012 530 1032 non
543 1003 597 1032 abs
610 1013 641 1032 re
655 1003 749 1038 fuerit,
763 1005 819 1033 tria
835 1005 987 1033 hominum
1000 1003 1170 1033 ambitionis
1182 1011 1292 1041 genera

265 1051 295 1076 et
318 1049 402 1084 quasi
424 1050 532 1085 gradus
555 1050 742 1087 distinguere.
782 1050 911 1079 Primum
936 1059 1045 1084 eorum,
1068 1051 1118 1088 qui
1141 1050 1291 1087 propriam

265 1095 429 1132 potentiam
454 1096 486 1124 in
510 1096 607 1133 patria
633 1106 686 1125 sua
714 1097 893 1134 amplificare
918 1097 1057 1134 cupiunt3
1090 1096 1171 1133 quod
1197 1104 1292 1133 genus

265 1140 383 1178 vulgare
404 1146 447 1170 est
472 1147 502 1171 et
522 1143 655 1180 degener.
698 1142 867 1172 Secundum
890 1152 999 1178 eorum,
1022 1143 1072 1180 qui
1099 1142 1211 1180 patriae
1236 1151 1293 1180 po-

265 1189 389 1216 tentiam
406 1193 435 1217 et
451 1189 605 1226 imperium
623 1189 700 1218 inter
715 1189 876 1218 humanum
894 1199 987 1226 genus
1000 1189 1180 1226 amplifimre
1194 1189 1292 1217 nitun-

265 1238 330 1269 tur3
351 1234 423 1263 illud
440 1234 505 1271 plus
526 1239 604 1263 certe
622 1235 711 1264 habet
724 1237 883 1272 dignitatis,
902 1236 1071 1272 cupiditatis
1088 1234 1168 1263 haud
1186 1235 1291 1264 minus.

266 1279 356 1316 Quod
370 1279 394 1308 si
407 1281 473 1318 quis
486 1281 607 1310 humani
623 1283 738 1319 generis
756 1283 846 1320 ipsius
864 1282 1028 1320 potentiam
1042 1285 1073 1310 et
1088 1281 1244 1318 imperium
1259 1281 1292 1310 in

265 1335 361 1354 rerum
389 1327 608 1355 universitatem
639 1328 800 1356 instaurare
829 1334 859 1357 et
886 1328 1066 1365 amplificare
1095 1331 1225 1362 conetur,
1254 1336 1292 1357 ea

265 1374 457 1410 proculdubio
484 1375 607 1402 ambitio
634 1373 671 1413 (si
702 1375 790 1404 modo
818 1376 860 1404 ita
885 1375 1018 1404 vocanda
1044 1373 1095 1413 sit)
1117 1373 1236 1410 reliquis
1259 1377 1292 1403 et

265 1421 363 1450 sanior
381 1425 426 1450 est
443 1425 473 1450 et
490 1421 648 1458 augustior.
689 1421 826 1450 Hominis
845 1426 947 1450 autem
967 1422 1122 1458 imperium
1142 1421 1173 1449 in
1194 1429 1246 1455 res»,
1259 1420 1291 1449 in

265 1466 334 1496 solis
347 1467 457 1496 artibus
469 1472 498 1497 et
510 1467 640 1497 scientiis
653 1468 778 1505 ponitur.
811 1468 943 1497 Naturae
958 1468 1036 1497 enim
1049 1466 1111 1496 n'on
1122 1466 1292 1504 imperatur,

266 1513 320 1542 nisi
334 1514 464 1551 parendo
473 1513 507 1542 ⁷¹.

305 1560 464 1596 Praeterea,
486 1560 509 1588 si
533 1559 618 1588 unius
641 1559 762 1596 alicujus
782 1559 965 1596 particularis
984 1558 1096 1588 inventi
1115 1558 1228 1587 utilitas
1250 1558 1292 1587 ita

265 1606 400 1635 homines
426 1606 562 1640 affecerit,
590 1610 623 1634 ut
649 1615 717 1634 eum
744 1607 792 1644 qui
819 1615 911 1643 genus
938 1605 1100 1634 humanum
1124 1605 1292 1634 universum

265 1653 407 1682 beneficio
417 1653 516 1690 aliquo
527 1652 672 1680 devincire
686 1652 812 1689 potuerit
825 1652 944 1680 homine
958 1652 1100 1688 maJorem
1113 1651 1292 1689 putaverInt3

265 1704 376 1736 quanto
399 1699 503 1727 celsius
523 1699 669 1727 videbitur
689 1699 750 1726 tale
769 1699 879 1735 aliquid
900 1699 1038 1732 invenire,
1059 1707 1112 1735 per
1130 1699 1212 1735 quod
1233 1697 1293 1726 alia

265 1745 364 1774 omnia
386 1745 525 1782 expedite
545 1744 665 1773 inveniri
687 1744 822 1782 possint?
863 1743 904 1773 Et
922 1748 1022 1773 tamen
1042 1742 1089 1783 (ut
1107 1752 1209 1773 verum
1228 1752 1294 1772 om-

265 1824 307 1850 the
325 1833 389 1849 same
407 1824 512 1856 proverb
529 1824 548 1848 is
565 1823 674 1848 referred
691 1827 719 1847 to
736 1824 760 1848 in
778 1823 904 1848 Hookees
920 1824 1098 1848 Ecclesiastiml
1115 1823 1205 1855 Ponty,
1218 1823 1260 1850 bk.
1275 1823 1293 1849 i.

266 1863 313 1887 See
323 1870 355 1887 an
370 1861 512 1891 interesting
530 1864 588 1886 note
605 1869 638 1886 ou
655 1861 698 1886 the
714 1868 813 1892 passage
829 1862 854 1885 in
868 1861 939 1886 Dean
951 1861 1072 1886 ehurch’s
1086 1861 1188 1890 edition,
1199 1867 1224 1892 p.
1240 1863 1292 1891 1³8,

265 1900 314 1924 and
324 1907 363 1930 cp.
373 1900 475 1931 Jeremy
486 1899 600 1930 Taylor’s
612 1899 705 1922 Works
715 1898 765 1930 (ed.
778 1899 865 1922 Heber
876 1899 924 1923 and
935 1898 1026 1930 Edem,
1037 1899 1085 1923 vol.
1097 1899 1128 1923 iv.
1138 1905 1162 1930 p.
1176 1904 1230 1928 ³¹⁵·

297 1935 316 1951 '¹⁰
332 1937 377 1968 Cp.
390 1936 453 1968 Aph.
468 1944 520 1966 109.

297 1973 315 1988 Π
333 1974 379 2004 Cp.
395 1973 455 2004 Aph.
475 1981 495 2003 3.
528 1973 578 1997 Mr.
591 1973 693 1997 Kitchin
710 1975 798 2004 quotes
814 1973 883 2004 Livy,
900 1973 949 1997 xxi.
967 1982 990 2003 ⁴»
1006 1973 1096 2003 where,
1113 1972 1138 1998 in
1153 1972 1294 2002 desen-Mne

266 2010 396 2040 Hannibal,
408 2011 439 2034 he
449 2017 516 2041 says:
533 2010 679 2041 ‘Nunquam
695 2010 818 2040 ingenium
835 2010 901 2034 idem
917 2009 949 2034 ad
959 2017 999 2034 res
1015 2010 1195 2039 diversissimn,
1205 2017 1294 2041 puren-

265 2049 324 2073 dum
340 2051 415 2080 atque
432 2048 608 2079 imperandum,
621 2048 722 2072 habilius
738 2047 800 2072 fuit:
835 2047 844 2071 Ι
862 2055 918 2079 may
929 2047 978 2072 add
992 2047 1132 2072 Aristoue's
1144 2046 1294 2078 description

265 2085 295 2110 os
308 2086 351 2110 the
367 2085 431 2116 good
447 2085 545 2114 citizen,
558 2084 609 2111 1²01,
622 2085 655 2109 iii.
666 2093 680 2115 4
693 2084 762 2117 (¹4)²
779 2084 814 2109 δεῖ
829 2084 854 2110 δέ
870 2084 912 2110 rin·
926 2084 1025 2116 πολὶτην
1039 2085 1080 2110 τὸν
1094 2083 1182 2116 ἀγαθὸν
1196 2083 1295 2110 futu-rn-

265 2123 322 2148 σθαι
339 2123 377 2147 καὶ
394 2122 505 2148 δύνασθαι
523 2123 560 2148 καὶ
576 2122 690 2154 ἅρχσσθαι
710 2123 747 2147 καὶ
763 2122 851 2154 ἆρχεν,
869 2123 905 2147 καὶ
922 2121 978 2153 αὕτη
996 2122 1065 2154 ἄρηι)
1083 2121 1191 2150 πηλίνου,
1208 2121 1236 2147 νὺ
1251 2121 1295 2153 τὸν

265 2163 310 2186 ηὀν
321 2159 448 2193 ὶλινθὶρυα
459 2159 533 2193 ἀρχὴν
543 2159 684 2186 σ’πῖστασθαι
697 2159 732 2185 ι’π“
744 2159 874 2193 ἀμφύτερα.
