1473 2622
293 337 305 358 l
310 329 348 358 60
689 332 840 358 PRAEFA
845 332 870 357 T
866 332 916 357 Io.

293 406 501 443 implicatione,
511 405 620 442 ingenii
633 404 755 434 humani
769 405 948 440 infirmitate,
957 413 991 434 se
1003 407 1197 440 conve-tuan
1216 405 1250 435 in
1261 403 1322 435 hoe

290 451 382 481 nihilo
403 457 504 481 tamen
524 451 723 487 modestiores,
741 460 810 481 cum
831 451 937 480 malint
956 459 1145 481 communem
1162 450 1322 481 hominum

291 501 322 527 et
334 506 430 526 rerum
445 498 643 526 conditionem
657 498 767 526 causari
780 507 871 535 quam
885 498 926 527 de
938 497 1044 534 seipsis
1056 497 1197 527 confiteri.
1237 497 1321 534 Quin

290 543 348 572 illis
361 543 419 572 hoc
430 543 491 572 sere
503 543 624 572 solenne
638 547 690 579 est,
700 547 734 572 ut
747 544 887 581 quicquid
901 553 948 572 ars
959 543 1059 580 aliqua
1073 551 1132 572 non
1145 543 1276 580 attingat
1287 543 1321 573 id

290 589 388 627 ipsum
405 599 446 619 ex
462 590 567 619 eadem
580 593 644 619 arte
661 589 844 627 impossibile
862 599 927 619 esse
942 593 1082 618 statuant.
1122 588 1232 626 Neque
1247 598 1320 618 vem

289 635 424 664 damnari
437 639 536 672 potest
554 644 609 670 ars,
623 644 715 672 quum
729 635 792 672 ipsa
807 636 952 672 disceptet
966 638 996 664 et
1006 635 1128 670 judicet.
1167 635 1276 672 Itaque
1287 635 1320 667 id

290 681 394 718 agitur,
417 686 451 711 ut
473 681 637 718 ignorantia
658 682 748 711 etiam
771 682 810 710 ab
835 682 998 718 ignominia
1021 681 1169 711 liberetur.
1213 680 1321 718 Atque

290 736 367 764 quae
380 727 489 756 tradita
502 732 532 756 et
545 731 663 764 recepta
677 731 746 756 sunt
763 728 802 756 ad
820 727 898 756 hunc
917 727 979 756 sere
997 726 1120 755 modum
1135 735 1169 755 se
1186 726 1321 757 habent:

290 773 390 810 quoad
399 783 489 810 opera
498 773 615 807 sterilia,
623 773 829 810 quae-‚fionum
842 773 930 810 plena
940 784 948 807 ;
964 773 1152 801 incrementis
1161 772 1222 801 suis
1232 773 1320 802 tarda

289 823 320 848 et
339 819 494 856 languida:
521 818 729 856 perfectionem
749 819 779 847 in
799 823 863 848 toto
881 818 1058 853 simulantia,
1077 817 1130 847 sed
1145 827 1199 855 per
1217 822 1320 856 partes

290 864 368 893 male
390 864 530 902 impleta3
558 864 674 894 delectu
697 870 798 893 autem
821 864 976 902 popularia
997 867 1029 892 et
1051 863 1224 892 authon'bus
1245 864 1318 901 ipsis

289 915 433 947 suspecta„
457 911 583 946 ideoque
607 910 738 939 artificiis
760 911 937 947 quibusdam
964 910 1079 938 munita
1102 913 1132 938 et
1158 913 1318 939 ostentata.

290 955 351 994 Qui
373 961 473 986 autem
493 960 523 986 et
543 956 600 993 ipsi
623 957 749 994 experiri
771 961 801 986 et
823 966 857 986 se
878 956 1008 986 scientiis
1028 955 1139 985 addere
1157 965 1318 994 earumque

290 1002 363 1031 fines
378 1002 505 1039 proferre
523 1006 695 1038 statuerunt,
709 1011 764 1032 nec
780 1003 821 1031 illi
838 1012 858 1033 a
877 1002 1003 1040 receptis
1022 1010 1140 1039 prorsus
1155 1002 1318 1031 desciscere

289 1048 354 1076 ausi
366 1051 443 1083 sunt,
457 1057 510 1076 nec
521 1048 618 1076 sontes
631 1058 726 1076 rerum
741 1053 850 1085 petere.
889 1049 1002 1078 Verum
1020 1058 1054 1076 se
1071 1057 1214 1084 magnum
1229 1049 1317 1085 quid—

289 1094 359 1122 dam
386 1098 582 1131 consequutus
607 1098 712 1132 putant
737 1095 763 1124 si
787 1094 899 1132 aliquid
925 1104 965 1124 ex
991 1094 1111 1132 proprio
1130 1094 1264 1124 inserant
1286 1098 1317 1124 et

289 1139 446 1177 adjiciant3
478 1140 639 1178 prudenter
669 1150 769 1170 secum
798 1145 975 1178 reputantes,
1000 1149 1032 1169 se
1063 1140 1094 1170 in
1125 1140 1317 1170 assentiendo

289 1187 472 1221 modestiam,
486 1187 515 1215 in
529 1186 694 1222 adjiciendo
708 1187 875 1216 libertatem
893 1188 967 1216 tueri
982 1195 1076 1224 posse.
1114 1187 1228 1215 Verum
1243 1187 1317 1216 dum

289 1232 476 1269 opinionibus
490 1237 519 1261 et
536 1233 665 1262 moribus
680 1234 847 1268 consulitur,
862 1234 1079 1262 mediocritates
1091 1232 1166 1262 istae
1178 1232 1318 1264 laudatae

289 1278 319 1306 in
330 1287 470 1315 magnum
484 1278 669 1308 scientiarum
683 1279 893 1308 detrimentum
907 1280 1026 1308 cedunt.
1064 1278 1128 1307 Vix
1137 1278 1218 1308 enim
1227 1279 1317 1309 datur

287 1323 427 1352 authores
436 1325 523 1352 simul
533 1329 563 1353 et
573 1325 709 1353 admirari
721 1329 751 1354 et
760 1335 907 1363 superare.
948 1325 1009 1354 Sed
1021 1325 1055 1354 fit
1066 1334 1211 1362 aquarum
1226 1335 1317 1360 more.

289 1379 364 1407 quae
379 1379 436 1399 non
450 1370 537 1399 altius
549 1371 712 1400 ascendunt
724 1381 813 1408 quam
828 1381 867 1400 ex
881 1381 940 1408 quo
954 1371 1177 1400 descenderunt.
1207 1371 1317 1408 Itaque

287 1415 455 1452 hujusmodi
471 1415 605 1446 homines
619 1417 778 1446 emendant
794 1417 934 1446 nonnulla
947 1417 1000 1446 sed
1013 1425 1118 1454 parum
1130 1422 1317 1454 promovent,

290 1465 320 1490 et
332 1462 490 1498 proficiunt
503 1463 532 1490 in
546 1463 651 1491 melius
665 1471 722 1491 non
737 1463 766 1491 in
781 1463 883 1499 majus.
914 1464 1023 1500 Neque
1034 1467 1135 1491 tamen
1149 1463 1316 1498 defuerunt,

288 1508 338 1545 qui
351 1517 423 1537 ausu
438 1507 548 1545 majore
562 1508 661 1537 omnia
674 1508 788 1546 integra
801 1509 854 1537 sibi
869 1509 1026 1544 duxerunt,
1037 1512 1067 1538 et
1081 1508 1187 1546 ingenii
1198 1509 1314 1546 impetu

289 1554 341 1589 usi,
355 1554 452 1591 priora
467 1554 680 1591 prosternendo
698 1558 728 1583 et
746 1555 926 1583 destruendo
943 1555 1058 1583 aditum
1075 1554 1131 1583 sibi
1148 1559 1178 1584 et
1196 1555 1316 1592 placitis

287 1600 347 1628 suis
360 1599 508 1634 fecerunt;
528 1609 654 1636 quorum
667 1601 795 1628 tumultu
809 1611 869 1630 non
882 1610 1061 1638 magnopere
1070 1600 1236 1637 profectum
1249 1604 1314 1631 ent:

287 1655 379 1682 quum
398 1645 615 1683 philosophiam
632 1650 662 1675 et
681 1651 758 1676 artes
778 1656 836 1676 non
854 1656 886 1676 re
904 1656 939 1676 ac
955 1656 1044 1684 opere
1058 1646 1314 1684 amplificargsed

287 1691 396 1728 placita
409 1695 525 1720 tantum
536 1696 703 1728 permutare
715 1697 805 1730 atque
816 1702 938 1730 regnum
949 1693 1120 1730 opinionum
1133 1693 1163 1721 in
1173 1702 1207 1722 se
1218 1696 1314 1723 tmus-

286 1737 362 1766 serre
384 1738 604 1773 contenderint3
635 1739 745 1774 exiguo
768 1748 839 1768 sane
860 1739 965 1774 fructu,
986 1748 1077 1776 quum
1103 1739 1179 1768 inter
1201 1748 1315 1771 enom

286 1783 440 1822 oppositos
459 1785 573 1813 errandi
593 1793 699 1814 causae
719 1785 779 1814 sint
797 1785 859 1814 fere
877 1795 1057 1815 communes¹
1097 1785 1130 1815 Si
1146 1786 1198 1822 qui
1211 1789 1313 1817 autem

287 1838 341 1858 nec
354 1829 456 1858 alienis
470 1838 523 1858 nec
542 1830 664 1867 propriis
684 1830 799 1868 placitis
816 1831 947 1866 obnoxii,
959 1832 1011 1861 sed
1028 1831 1157 1860 libertati
1172 1831 1314 1868 faventes,

286 1875 328 1904 ita
343 1875 463 1905 animati
478 1875 559 1904 suere
578 1879 612 1904 ut
631 1876 704 1904 alios
722 1885 821 1904 secum
835 1876 922 1904 simul
936 1886 1077 1914 quaerere
1089 1881 1251 1914 cuperent:
1270 1877 1313 1906 illi

285 1930 356 1950 sane
375 1921 482 1950 affectu
502 1921 624 1956 honesti,
641 1922 694 1950 sed
711 1925 818 1950 conatu
835 1921 955 1951 invalidi
978 1922 1102 1952 fuerunt.
1142 1922 1313 1952 Probabiles

285 1967 364 1996 enim
383 1971 501 1996 tantum
521 1967 648 1996 rationes
666 1968 758 1997 secuti
778 1967 922 2003 videntur,
938 1972 968 1997 et
987 1971 1228 2006 argumentorum
1247 1978 1313 1998 ver·

285 2013 377 2051 tigine
390 2013 632 2050 circumaguntur,
647 2018 676 2044 et
689 2014 857 2050 promiscua
869 2016 1028 2050 quaerendi
1042 2015 1159 2044 licentia
1172 2015 1314 2047 severita-

284 2063 347 2090 tem
366 2059 560 2097 inquisitionis
580 2064 762 2091 enervarunt.
801 2060 900 2090 Nemo
917 2065 1019 2090 autem
1041 2060 1188 2098 reperitur,
1207 2060 1260 2098 qui
1279 2061 1310 2091 in

283 2105 371 2135 rebus
389 2105 461 2142 ipsis
480 2109 511 2137 et
531 2106 714 2144 experientia
735 2115 848 2135 moram
870 2106 972 2136 fecerit
991 2106 1166 2145 legitimam.
1202 2106 1311 2145 Atque

282 2151 415 2189 nonnulli
435 2161 532 2181 rursus
550 2153 601 2190 qui
623 2152 823 2190 experientiae
846 2153 932 2182 undis
953 2163 986 2186 se
1006 2154 1178 2185 commisere
1197 2157 1229 2185 et
1248 2153 1311 2186 sere
