1473 2622
255 334 313 374 298
591 338 642 362 ΝΟ
648 338 671 362 V
671 337 730 362 ΠΜ
747 337 941 364 ORGANUM

257 410 473 449 philosophiam
481 409 514 439 ⁷³.
543 409 645 448 Atque
654 410 712 440 hae
721 410 797 440 duae
810 410 950 440 historiae
959 414 1024 439 tum
1032 410 1098 439 aliis
1112 409 1206 444 rebus,
1216 411 1281 438 tum

256 457 413 495 praecipue
436 458 466 486 in
487 457 544 486 hoc
567 457 725 492 differunt;
755 458 835 494 quod
858 457 954 494 prima
978 466 1017 486 ex
1041 457 1097 485 illis
1120 457 1282 493 specierum

258 504 434 532 naturalium
463 505 642 539 varietatem,
666 513 725 532 non
758 504 865 532 artium
900 503 1134 532 mechanicarum
1166 503 1283 540 experi-

259 555 359 579 menta
373 550 533 579 contineat.
571 549 832 587 Quemadmodum
847 550 924 578 enim
943 550 974 578 in
988 549 1120 579 civilibus
1133 548 1284 586 ingenium

259 596 408 633 cujusque,
429 600 459 624 et
478 596 610 625 occultus
626 596 718 624 animi
737 596 954 633 affectuumque
974 604 1084 630 sensus,
1107 595 1212 623 melius
1233 594 1285 623 eli-

259 643 341 675 citur,
363 651 430 670 cum
450 642 514 678 quis
535 642 565 670 in
585 642 804 678 perturbatione
824 643 950 679 ponitur,
970 651 1061 678 quam
1081 641 1172 670 alias:
1196 640 1284 670 simili

261 688 361 722 modo,
382 693 413 718 et
434 687 548 717 occulta
572 692 692 717 naturae
715 688 809 725 magis
832 698 864 717 se
886 688 1015 726 produnt
1035 697 1088 724 per
1110 687 1284 716 vexatione·

259 735 375 770 artium,
395 744 484 772 quam
506 743 573 763 cum
593 743 679 764 cursu
698 744 752 764 suo
775 738 875 764 meant
884 734 913 763 ⁷⁰.
954 734 1060 771 Itaque
1081 738 1144 762 tum
1163 733 1285 762 demum

259 782 336 810 bene
348 782 527 818 sperandum
541 785 586 810 est
599 782 637 810 de
651 781 774 809 naturali
788 781 983 818 philosophia,
992 784 1149 817 postquam
1163 779 1285 808 historia
1299 793 1307 800 ·

258 828 400 857 naturalis
411 827 498 864 (quae
509 827 571 864 ejus
584 827 662 856 basis
673 831 717 856 est
730 831 761 856 et
774 825 1015 864 fundamentum)
1026 826 1131 855 melius
1141 826 1284 855 instructa

261 873 364 909 fuerit;
385 878 473 902 antea
487 881 555 902 vero
571 873 698 902 minime.

721 952 833 981 XCIX.

300 1010 403 1048 Atque
420 1019 518 1039 rursus
535 1010 564 1039 in
583 1010 645 1047 ipsa
660 1010 927 1047 experimentorum
943 1010 1178 1040 mechanicorum
1191 1010 1285 1047 copia,

263 1066 380 1086 summa
405 1065 513 1092 eorum,
534 1066 610 1093 quae
632 1057 670 1084 ad
699 1056 865 1084 intellectus
891 1057 1129 1086 informationem
1155 1057 1287 1085 maxime

265 1103 376 1132 faciunt
389 1107 419 1132 et
429 1103 543 1140 juvant,
554 1103 702 1140 detegitur
714 1103 820 1140 inopia.
861 1103 1052 1132 Mechanicus
1066 1104 1152 1137 enim,
1163 1104 1203 1132 de
1214 1103 1291 1132 veri-

265 1150 335 1179 tatis
350 1150 536 1187 inquisitione
553 1149 633 1178 nullo
649 1149 738 1178 modo
755 1148 902 1184 sollicitus,
915 1158 974 1178 non
986 1150 1025 1179 ad
1040 1150 1097 1178 alia
1109 1158 1199 1187 quam
1212 1157 1290 1186 quae

265 1196 347 1233 operi
363 1205 417 1224 suo
435 1195 620 1224 subserviunt
637 1199 690 1224 aut
706 1195 838 1224 animum
856 1196 939 1233 erigit
957 1201 1009 1224 aut
1025 1205 1146 1225 manum
1159 1195 1291 1232 porrigit.

266 1242 348 1270 Tum
360 1252 430 1270 vero
448 1243 487 1270 de
507 1242 691 1270 scientiarum
712 1241 848 1270 ulteriore
867 1251 1023 1279 progressu
1043 1253 1113 1279 spes
1130 1242 1207 1270 bene
1227 1241 1292 1270 sun-

268 1288 393 1323 dabitur,
407 1297 498 1325 quum
519 1288 548 1317 in
568 1287 733 1317 Historiam
749 1287 925 1317 Naturalem
944 1289 1120 1326 recipientur
1139 1293 1170 1317 et
1188 1297 1292 1324 aggre-

267 1335 416 1371 gabuntur
429 1334 579 1370 complura
594 1335 804 1370 experimenta,
818 1343 893 1372 quae
913 1335 943 1363 in
958 1345 990 1364 se
1011 1335 1116 1364 nullius
1132 1338 1202 1363 sunt
1215 1343 1293 1368 usus,

268 1381 322 1410 sed
342 1381 380 1409 ad
400 1381 600 1409 inventionem
614 1389 767 1409 causarum
785 1385 815 1410 et
828 1381 1013 1410 axiomatum
1026 1386 1142 1410 tantum
1163 1380 1292 1414 saciunt;

270 1436 348 1464 quae
368 1436 420 1456 nos
433 1426 556 1463 lucifera
569 1426 780 1464 experimenta,
793 1427 832 1456 ad
848 1427 1044 1456 differentiam
1056 1426 1293 1464 fruchferorum.

270 1472 420 1510 appellare
433 1473 636 1502 consuevimus
644 1472 678 1501 ⁸⁰.
717 1472 772 1502 Illa
790 1478 890 1502 autem
907 1473 1012 1502 miram
1024 1473 1137 1502 habent
1150 1474 1180 1502 in
1193 1482 1226 1502 se
1237 1472 1295 1501 vir·

303 1568 323 1583 '⁸
343 1569 427 1594 Bacon
443 1569 579 1600 constantly
591 1569 671 1594 insists
687 1577 719 1593 on
735 1568 779 1593 the
794 1569 979 1594 subordination
993 1569 1022 1595 of
1035 1569 1137 1594 Natural
1153 1569 1258 1600 History
1267 1571 1296 1593 to

273 1605 375 1630 Natural
388 1605 543 1637 Philosophy.
574 1606 622 1630 But
634 1606 652 1630 it
665 1606 683 1630 is
694 1605 795 1630 difficult
806 1608 833 1629 to
844 1607 959 1630 conceive
972 1614 1018 1637 any
1030 1605 1202 1638 philosophica!
1213 1606 1297 1629 writer

273 1643 402 1674 collecting
416 1643 511 1668 natural
527 1643 589 1668 ἷκε
602 1643 642 1667 sor
652 1651 699 1674 any
711 1643 783 1667 other
796 1651 901 1674 purpose
911 1643 971 1668 than
983 1644 1036 1668 that
1051 1643 1081 1668 of
1088 1643 1172 1674 basiug
1182 1650 1214 1666 on
1227 1642 1296 1667 them

272 1681 445 1712 philosophica!
461 1681 664 1711 generalisations.
697 1680 822 1710 Aristone,
838 1681 963 1712 certainly,
981 1681 1000 1705 is
1016 1683 1061 1705 not
1077 1679 1220 1710 chargeable
1235 1679 1297 1704 with

272 1717 320 1742 this
331 1718 401 1743 fault.

307 1756 331 1779 lt
342 1763 390 1780 was
401 1758 445 1780 not
456 1763 487 1780 on
500 1763 547 1787 any
559 1755 690 1780 difference
703 1755 727 1778 ln
738 1755 780 1779 the
792 1755 875 1786 object
886 1755 927 1778 sor
936 1755 1016 1779 which
1027 1756 1086 1787 they
1093 1761 1159 1779 were
1169 1753 1298 1783 collected.

274 1793 318 1817 but
329 1800 361 1817 ou
373 1793 414 1817 the
430 1793 541 1822 number,
552 1792 652 1823 variety,
664 1799 791 1822 accuracy,
803 1792 851 1816 and
867 1792 1010 1822 pertineney
1022 1792 1050 1816 of
1063 1792 1107 1817 the
1123 1791 1299 1822 observatiam,

274 1831 322 1855 and
332 1837 365 1855 on
377 1831 420 1855 the
436 1831 576 1855 distinctive
591 1830 719 1854 character
729 1830 758 1854 of
767 1830 809 1854 the
826 1829 949 1855 inductive
966 1829 1067 1855 method
1078 1829 1157 1855 which
1169 1835 1218 1853 was
1227 1831 1257 1852 to
1267 1828 1300 1852 be

274 1869 369 1899 applied
386 1871 413 1892 to
429 1868 505 1897 them,
522 1867 592 1892 when
607 1867 736 1896 collected,
747 1867 802 1891 that
818 1867 900 1892 nacon
915 1867 1002 1891 should
1015 1867 1075 1892 have
1091 1865 1192 1891 insisted
1207 1872 1235 1890 as
1249 1865 1300 1890 dis·

273 1905 422 1936 tlnguishing
432 1906 475 1929 the
486 1905 589 1929 Natural
601 1905 703 1936 Histury
714 1904 794 1929 which
804 1904 836 1929 he
849 1903 967 1935 designed
978 1907 1005 1929 to
1016 1904 1160 1936 inaugurate
1166 1903 1235 1931 [rom
1244 1903 1301 1928 aut

275 1943 302 1967 οἱ
312 1943 348 1968 his
359 1943 538 1974 predecessore.

304 1979 323 1994 *⁸
339 1980 435 2005 Nature
445 1980 499 2004 best
510 1980 634 2004 discovers
647 1980 692 2004 her
706 1982 805 2010 secreta,
818 1978 888 2004 when
900 1979 1013 2002 tortured
1027 1978 1060 2010 by
1071 1978 1126 2002 Art.
1159 1977 1224 2002 This
1237 1977 1259 2002 is
1269 1985 1301 2002 ιιι

275 2017 396 2042 excellent
407 2017 551 2042 illusa-anon
563 2017 592 2041 of
603 2017 646 2041 the
662 2017 796 2048 advantage
807 2017 887 2041 which
899 2017 1067 2047 Experiment,
1078 2020 1104 2040 at
1115 2017 1177 2041 last
1189 2015 1215 2040 in
1227 2021 1302 2046 my

275 2062 350 2084 oeses,
365 2063 486 2086 posseses
501 2062 560 2079 over
574 2054 744 2078 observation.
778 2054 797 2077 1¹·
799 2061 828 2078 οι·
844 2053 886 2078 the
902 2053 1047 2078 differ-encres
1063 2053 1175 2078 between
1191 2051 1236 2076 the
1251 2054 1301 2075 tvm

275 2099 408 2124 praeesses,
424 2099 466 2116 see
485 2091 560 2116 Mill's
578 2091 663 2122 Logic,
681 2091 722 2116 bk.
736 2091 768 2116 iii.
787 2091 826 2116 ch.
838 2098 860 2122 7,
877 2097 906 2116 or
923 2097 962 2122 my
982 2090 1110 2116 inductive
1125 2090 1212 2120 Logic,
1227 2088 1268 2115 eh.
1280 2095 1302 2114 a.

277 2131 291 2162 ς
306 2138 328 2181 :3
345 2167 390 2192 See
402 2166 464 2199 Aph.
475 2173 514 2197 70,
525 2165 584 2191 with
595 2169 655 2191 note
665 2167 704 2195 78.

1247 2360 1406 2423 ,al
