1473 2622
140 2394 165 2424 θ’

826 173 1406 282 ᾗ

270 345 327 375 290
603 341 744 367 NOVUM
761 340 958 367 ORGANUM.

269 420 413 454 tanquam
436 414 466 443 in
493 414 603 443 metalli
630 415 746 449 fodinis,
767 415 869 443 omnia
894 413 978 442 novis
1003 413 1142 451 operibus
1164 411 1202 442 et'
1220 413 1301 443 nite-

269 462 393 490 rioribus
417 460 618 499 progressibus
641 461 879 498 circumstrepere
905 460 1024 489 debent.
1063 459 1168 498 Atque
1193 468 1302 490 secun·

271 508 342 537 dum
367 512 477 536 rectam
499 506 642 535 rationem
665 515 712 535 res
731 507 774 536 ita
794 515 826 535 se
845 506 944 540 habet,
964 505 1016 535 sed
1038 505 1156 535 interim
1176 514 1236 535 non
1255 505 1302 535 ita

270 554 394 583 vivitur:
414 554 468 582 sed
482 554 544 587 ista,
559 562 648 590 quam
665 554 804 588 diximus,
817 553 1016 582 doctrinarum
1034 553 1253 581 administratio
1266 556 1301 581 et

271 599 375 636 politia
387 599 575 629 scientiarum
587 603 747 636 augmenta
760 599 860 628 durius
870 607 1004 636 premere
1017 598 1177 628 consuevit.

744 667 826 697 XCI.

312 723 415 761 Atque
438 723 556 760 insuper
581 723 651 752 licet
677 723 734 752 ista
763 723 871 752 invidia
897 723 1072 758 cessaverit;
1098 727 1200 751 tamen
1227 722 1302 751 satis

275 774 320 800 est
333 771 372 800 ad
393 769 589 799 cohibendum
608 774 801 807 augmentum
819 769 1016 802 scientiarum,
1031 769 1111 806 quod
1129 768 1301 806 hujusmodi

275 821 397 846 conatus
425 820 455 845 et
481 816 642 845 industriae
672 815 808 854 praemiis
834 820 961 844 careant.
1001 815 1071 844 Non
1103 815 1182 844 enim
1208 824 1302 852 pene·

275 863 396 891 eosdem
417 866 462 890 est
486 863 598 891 cultura
618 862 805 890 scientiarum
833 865 863 890 et
889 862 1062 898 praemium.
1103 861 1301 890 Scientiarum

276 908 355 937 enirn
380 913 540 946 augmenta
568 917 587 937 a
614 909 728 946 magnis
761 909 863 945 utique
890 908 1015 945 ingeniis
1040 909 1235 946 proveniunt;
1267 913 1302 936 at

275 953 370 991 pretia
384 957 414 982 et
427 954 558 991 praemia
571 953 756 983 scientiarum
770 958 837 982 sunt
854 963 946 991 penes
961 954 1066 990 vulgus
1083 958 1136 982 aut
1154 953 1302 991 principes

275 1000 361 1034 viros,
381 1000 430 1036 qui
453 998 521 1039 (nisi
543 1009 608 1028 raro
635 999 810 1039 admodum)
833 1000 886 1028 vix
908 1000 1094 1028 mediocriter
1116 1000 1196 1028 docti
1218 1004 1302 1028 sunt.

277 1044 448 1082 Quinetiam
461 1045 628 1082 hujusmodi
643 1055 813 1083 progressus
828 1055 886 1074 non
900 1045 997 1074 solum
1010 1046 1149 1083 praemiis
1161 1051 1193 1075 et
1211 1045 1303 1075 bene·

278 1091 395 1120 ficentia
413 1091 576 1124 hominum,
594 1101 696 1120 verum
717 1092 807 1121 etiam
828 1092 892 1128 ipsa
909 1091 1042 1128 populari
1062 1091 1150 1121 laude
1167 1091 1303 1121 destituti

277 1141 355 1166 sunt.
396 1137 473 1166 Sunt
487 1137 565 1165 enim
579 1137 622 1166 illi
635 1147 724 1174 supra
738 1141 857 1174 captum
877 1138 1025 1166 maximae
1038 1139 1129 1174 partis
1141 1138 1304 1172 hominum,

278 1187 310 1212 et
322 1182 362 1211 ab
379 1183 551 1220 opinionum
568 1183 733 1220 vulgarium
752 1184 848 1213 ventis
869 1183 952 1212 facile
972 1183 1136 1213 obruuntur
1155 1187 1186 1213 et
1205 1183 1304 1213 extin-

279 1233 414 1265 guuntur.
449 1228 555 1266 Itaque
567 1229 607 1256 nil
621 1229 733 1264 mirum,
744 1229 769 1258 si
782 1238 828 1258 res
842 1229 892 1258 ina
903 1238 963 1258 non
974 1229 1116 1259 foeliciter
1125 1229 1306 1265 successerit,

279 1284 356 1311 quae
370 1275 398 1303 in
413 1275 523 1303 honore
536 1285 595 1303 non
609 1275 674 1304 suit.

742 1345 842 1374 XCII.

321 1397 381 1426 Sed
410 1398 498 1435 longe
524 1398 687 1427 maximum
717 1399 917 1436 progressibus
943 1399 1137 1432 scientiarum.
1164 1402 1195 1428 et
1220 1398 1306 1434 novis

281 1445 379 1480 pensis
393 1454 428 1473 ac
441 1445 596 1482 provinciis
608 1446 639 1474 in
659 1446 763 1474 iisdem
781 1446 981 1482 susci1.›ien‹:li.=i¹
999 1445 1183 1474 obstaculum
1201 1445 1308 1482 depre-

281 1489 421 1519 henditur
441 1491 470 1520 in
493 1491 698 1529 desperatione
717 1491 878 1524 hominum,
899 1497 929 1520 et
949 1491 1150 1529 suppositione
1170 1490 1307 1529 impossi-

281 1536 356 1565 bilis.
396 1537 502 1566 Solent
528 1538 607 1566 enim
636 1538 690 1566 viri
716 1538 877 1575 prudentes
904 1542 934 1566 et
963 1538 1056 1566 severi
1081 1538 1111 1566 in
1137 1537 1308 1574 hujusmodl

281 1583 368 1612 rebus
381 1583 470 1620 plane
484 1583 632 1612 diffidere:
654 1588 776 1612 naturae
794 1584 1014 1619 obscuritatem,
1026 1585 1105 1612 vitae
1121 1584 1306 1617 brev-itatem.

282 1639 421 1659 sensuum
442 1629 579 1662 fallacias,
592 1629 694 1666 judicii
716 1629 926 1666 infirmitatem,
945 1630 1214 1668 experimentorum
1233 1629 1309 1660 diffi-

282 1675 415 1710 cultates,
443 1681 473 1706 et
499 1676 605 1705 similia
632 1686 733 1705 secum
760 1681 939 1714 reputantes,
991 1675 1097 1715 Itaque
1128 1676 1309 1711 existimant,

284 1731 348 1750 esse
368 1722 512 1758 quosdam
534 1723 729 1758 scientiarum,
746 1732 799 1759 per
819 1727 986 1760 temporum
1006 1728 1036 1752 et
1056 1727 1188 1752 aetatum
1206 1723 1309 1751 mundi

284 1766 487 1802 revolutiones,
508 1767 607 1797 fluxus
628 1773 657 1797 et
677 1767 827 1805 refluxus;
855 1779 922 1798 cum
941 1769 1007 1798 aliis
1028 1769 1210 1806 temporibus
1233 1777 1310 1799 cres-

286 1818 355 1841 cant
369 1818 398 1842 et
413 1813 544 1847 floreant,
559 1814 623 1842 aliis
641 1814 788 1842 declinent
806 1819 836 1843 et
853 1814 992 1852 jaceant:
1014 1815 1054 1844 ita
1070 1820 1178 1851 tamen,
1192 1819 1226 1844 ut
1243 1823 1310 1844 cum

285 1859 324 1888 ad
338 1863 451 1888 certum
464 1861 612 1897 quendam
625 1861 751 1897 gradum
766 1864 797 1890 et
810 1865 919 1890 statum
934 1861 1126 1900 pervenerint,
1137 1861 1177 1890 nil
1191 1861 1313 1890 ulterius

286 1905 399 1942 possint
410 1905 441 1935 ⁸¹¹.

287 1985 318 2008 he
328 1991 430 2016 appears
445 1988 472 2010 to
486 1986 651 2018 contemplate
666 1986 709 2010 the
722 1987 855 2018 possibility
867 1988 896 2011 of
903 1995 918 2011 ι
928 1988 1035 2018 politica]
1049 1989 1155 2018 sciente,
1166 1986 1314 2012 established

286 2021 319 2053 by
331 2022 466 2048 induction.
498 2024 536 2048 All
548 2023 601 2048 that
611 2024 642 2048 he
654 2032 738 2049 means
749 2024 808 2050 here
822 2025 843 2049 is
853 2025 907 2050 that
917 2025 961 2050 the
970 2026 1078 2058 stability
1088 2025 1118 2050 os
1124 2033 1140 2050 a
1150 2027 1313 2056 sever-ament

287 2059 396 2090 depemss
412 2063 455 2084 not
471 2067 504 2084 on
521 2061 563 2084 the
579 2068 678 2085 reasons
693 2061 772 2086 which
789 2069 835 2086 an
850 2062 883 2086 be
899 2063 1010 2094 assigned
1025 2063 1050 2088 in
1066 2063 1098 2087 its
1113 2063 1204 2093 favour,
1217 2062 1263 2086 but
1278 2069 1313 2086 on

287 2097 421 2129 authority,
431 2105 511 2128 usage,
523 2101 610 2128 assent,
621 2098 666 2123 dcc.

319 2133 339 2148 ⁴²¹
355 2135 395 2158 On
407 2135 450 2159 the
461 2134 514 2159 idea
525 2135 555 2158 of
563 2135 658 2165 Cycles,
669 2143 695 2160 as
705 2135 801 2167 applied
811 2138 839 2160 to
850 2136 893 2160 the
903 2136 1058 2168 phqnomena
1068 2136 1098 2161 of
1110 2137 1201 2161 human
1211 2136 1314 2168 society,

290 2179 331 2196 see
343 2171 418 2196 Mffl's
427 2172 512 2204 Logie,
524 2172 565 2196 bk.
576 2172 608 2196 vi.
619 2173 658 2198 ch.
673 2181 710 2198 ιο.
721 2174 734 2204 ς
749 2180 771 2203 3.
803 2173 854 2198 For
862 2173 905 2198 the
915 2173 1056 2198 celebrated
1066 2173 1135 2205 tyele
1145 2173 1176 2198 ot*
1184 2172 1262 2204 Plato,
1272 2179 1315 2198 see
