1473 2622
914 173 1406 284 ἡ

281 343 338 374 324
617 339 670 364 ΝΟ
675 339 758 365 VUM
774 340 872 366 ORGA
874 339 905 364 N
905 341 968 366 UM.

279 415 310 441 et
324 412 480 442 molestum
494 416 632 450 putasse:
653 412 779 450 ideoque
792 411 894 442 secisse
908 412 987 450 quod
1003 412 1032 440 in
1046 411 1230 442 aedificando
1244 412 1308 442 fieri

278 458 363 493 solet,
386 468 493 496 nempe
518 463 587 496 post
607 458 730 488 aedificii
750 463 926 488 structuram
946 458 1098 488 machinas
1117 463 1148 487 et
1170 458 1267 488 scalas
1287 469 1307 489 a

281 510 439 542 conspectu
461 506 614 534 amovisse.
653 505 760 543 Neque
778 505 863 534 aliter
879 505 988 534 sactum
1007 514 1072 534 csse
1089 505 1209 534 credere
1227 510 1309 534 certe

277 556 403 588 oportet.
441 552 551 581 Verum
572 551 626 581 nisi
646 552 712 589 quis
731 553 854 581 omnino
872 552 981 581 oblitus
1000 551 1088 580 fuerit
1107 560 1210 581 eorum
1228 561 1307 589 quae

277 599 412 635 superius
423 599 503 628 dicta
517 603 592 634 sunt,
606 598 673 628 huic
689 598 846 636 objectioni
863 596 927 636 (aut
942 597 1078 635 scrupulo
1091 597 1203 636 potius)
1220 598 1307 628 facile

279 645 475 682 respondebit.
515 645 653 674 Formam
681 645 761 673 enim
782 645 947 682 inquirendi
974 648 1003 673 et
1031 644 1198 673 inveniendi
1224 645 1306 682 apud

277 691 415 728 antiquos
432 695 462 720 et
477 691 531 728 ipsi
546 690 755 728 profitemurffl,
769 695 799 718 et
815 691 925 727 scripta
943 699 1044 718 eorum
1061 699 1132 727 prae
1147 699 1180 718 se
1198 689 1306 720 serunt.

277 736 324 766 Ea
343 742 444 766 autem
468 747 526 766 non
550 737 607 766 alia.
627 737 719 771 fuit⁶⁶‚
738 747 828 774 quam
850 742 881 766 ut
901 737 940 765 ab
959 736 1106 773 exemplis
1127 736 1306 774 quibusdam

276 788 306 811 et
326 783 549 820 particularibus
569 782 690 822 (additis
711 783 881 812 notionibus
901 783 1114 818 communibus,
1130 787 1161 811 et
1180 783 1306 812 sortasse

276 831 413 866 portione
426 830 566 858 nonnulla
579 838 618 858 ex
637 829 826 866 opinionibus
846 829 979 866 receptis,
993 838 1071 866 quae
1090 829 1221 858 maxime
1241 829 1306 866 pla-

276 875 409 914 cuerunt)
436 877 475 905 ad
502 876 704 905 conclusiones
731 877 861 905 maxime
890 875 1041 913 generales
1070 875 1131 904 sive
1162 875 1304 913 principia

275 922 461 950 scientiarum
487 922 668 955 advolarent,
692 922 730 950 ad
757 930 883 959 quorum
909 921 1064 950 veritatem
1091 921 1245 950 immotam
1273 926 1304 950 et

275 967 367 996 fixam
395 967 594 996 conclusiones
617 968 768 996 inferiores
790 977 843 1004 per
867 968 964 995 media
990 968 1149 996 educerent
1174 977 1211 996 ac
1235 977 1304 1004 pro-

274 1013 396 1049 barent3
429 1023 469 1042 ex
495 1014 603 1051 quibus
629 1018 722 1042 artem
753 1014 981 1042 constituebant.
1020 1013 1098 1042 Tum
1129 1013 1248 1042 demum
1277 1014 1304 1042 si

275 1069 352 1088 nova
373 1059 558 1097 particularia
579 1064 608 1088 et
633 1059 772 1097 exempla
794 1063 875 1088 mota
899 1062 997 1088 essent
1020 1063 1050 1088 et
1073 1059 1203 1088 adducta
1227 1068 1306 1097 quae

274 1105 391 1142 placitis
410 1106 471 1134 suis
490 1105 710 1142 refragarentur,
731 1105 782 1133 illa
803 1109 854 1133 aut
873 1114 927 1142 per
949 1105 1154 1134 distinctiones
1175 1109 1228 1134 aut
1250 1115 1303 1142 per

274 1152 439 1189 regularum
459 1161 576 1180 suarum
602 1151 826 1189 explanationes
850 1150 879 1179 in
903 1151 1036 1179 ordinem
1061 1151 1206 1180 subtiliter
1227 1151 1304 1180 redi-

273 1198 390 1235 gebant,
404 1199 455 1227 aut
475 1198 595 1227 demum
616 1207 669 1235 per
689 1197 881 1235 exceptiones
901 1206 1002 1234 grosso
1024 1197 1115 1226 modo
1134 1206 1303 1227 summove-

273 1244 362 1273 bant:
382 1249 413 1273 at
428 1253 523 1273 rerum
539 1244 758 1281 particularium
773 1253 831 1272 non
846 1243 1054 1280 refragantium
1073 1253 1177 1272 causas
1195 1245 1233 1272 ad
1251 1244 1303 1273 illa

273 1290 413 1327 principia
427 1300 478 1320 sua
493 1290 637 1319 laboriose
647 1294 677 1319 et
692 1290 881 1327 pertinaciter
893 1289 1170 1319 accommodabant.
1190 1289 1302 1320 Verum

272 1345 325 1365 nec
350 1336 470 1365 historia
493 1336 633 1365 naturalis
657 1341 688 1365 et
713 1336 897 1373 experientia
921 1336 971 1364 illa
998 1341 1068 1369 erat,
1096 1346 1187 1374 quam
1212 1336 1303 1366 fuisse

271 1383 430 1419 oportebat
448 1381 551 1420 (longe
570 1386 649 1411 certe
669 1380 774 1420 abest),
789 1386 819 1410 et
840 1383 897 1411 ista
916 1382 1066 1411 advolatio
1085 1383 1123 1411 ad
1145 1383 1304 1420 generalis-

272 1429 347 1458 sima
361 1429 459 1458 omnia
473 1429 608 1466 perdidit.

717 1486 860 1516 CXXVI.

311 1537 452 1566 occurret
470 1542 500 1566 et
519 1538 608 1566 illud:
629 1546 690 1572 nos,
706 1541 826 1575 propter
844 1537 1050 1566 inhibitionem
1064 1538 1215 1575 quandam
1233 1545 1301 1574 pro-

267 1585 421 1612 nuntiandi
436 1587 465 1612 et
478 1584 621 1620 principia
641 1587 719 1612 certa
738 1584 865 1620 ponendi
879 1583 975 1612 donec
993 1593 1045 1620 per
1060 1585 1174 1612 medios
1191 1584 1301 1620 gradus

268 1630 306 1659 ad
327 1629 546 1667 generalissima
566 1630 621 1658 rite
639 1634 813 1666 perventum
835 1629 879 1665 sit,
902 1630 1125 1667 suspensionem
1148 1629 1300 1667 quandam

265 1676 367 1712 judicii
380 1676 462 1710 tueri,
477 1680 567 1712 atque
585 1676 623 1704 ad
640 1675 861 1713 Acatalepsiam
881 1685 942 1705 rem
957 1676 1111 1706 deducere.
1152 1676 1217 1706 Nos
1229 1685 1301 1705 vero

269 1731 327 1750 non
340 1722 562 1758 Acatalepsiam,
577 1723 628 1751 sed
644 1723 674 1750 E
676 1723 878 1759 acatalepsiam
887 1723 913 1740 ⁶·
927 1724 1103 1751 meditamur
1119 1727 1148 1751 et
1161 1723 1301 1760 proponi-

270 1778 353 1798 mus:
373 1768 471 1798 sensui
489 1769 566 1796 enim
586 1777 643 1797 non
658 1769 843 1806 derogamus,
856 1769 908 1798 sed
928 1769 1145 1810 ministramus,
1165 1773 1196 1798 et
1214 1767 1302 1798 intel-

268 1814 377 1844 lectum
404 1824 462 1842 non
489 1815 712 1847 contemnimus,
738 1815 792 1844 sed
820 1815 955 1851 regimus,
995 1814 1099 1853 Atque
1126 1814 1230 1844 melius
1253 1818 1300 1844 eet

300 1908 319 1922 '¹
337 1909 422 1934 There
430 1917 476 1934 can
485 1910 517 1934 be
528 1917 560 1934 no
571 1910 683 1941 question
696 1910 747 1934 that
759 1917 796 1934 we
808 1910 883 1941 ought
894 1913 922 1935 to
933 1910 1008 1942 adopt
1016 1910 1067 1935 Mr.
1074 1910 1141 1935 Ellis·
1151 1909 1301 1940 correction.

270 1946 446 1978 ‘prementum’

298 1982 318 1997 ³⁶
335 1984 393 2008 The
403 1985 542 2008 remainder
551 1985 582 2008 of
589 1985 632 2009 the
640 1985 771 2014 Aphorism
781 1992 849 2009 sums
860 1992 892 2017 up
903 1985 951 2009 und
962 1985 1047 2016 brings
1052 1985 1170 2016 together
1178 1985 1244 2009 what
1254 1984 1300 2009 hnc

266 2020 364 2052 already
375 2020 438 2045 been
450 2021 502 2045 nid
511 2022 651 2052 separaiely
662 2022 685 2046 in
699 2029 773 2051 many
785 2022 813 2046 of
822 2022 863 2046 the
876 2022 1008 2053 preceding
1019 2022 1170 2054 Aphorim.

298 2057 318 2072 ⁰⁶
334 2058 384 2082 Mr.
397 2058 500 2082 Kitchin
515 2059 649 2090 appositely
664 2063 753 2090 quotes
763 2059 806 2082 the
818 2059 976 2082 well-known
992 2066 1093 2090 μειβ
1108 2058 1174 2083 from
1190 2058 1234 2082 the
1244 2057 1300 2082 Ad-

265 2098 412 2119 vnncement
421 2095 450 2119 of
459 2095 594 2126 Learning:
611 2097 618 2110 ⁸
629 2095 655 2119 Π
667 2103 682 2120 a
693 2103 750 2120 man
762 2097 807 2120 wiu
819 2097 891 2127 begin
903 2097 962 2121 with
973 2097 1122 2126 certaintles,
1133 2097 1165 2122 he
1174 2096 1236 2122 shall
1247 2095 1299 2121 end

266 2132 291 2156 in
303 2131 406 2164 doubts;
421 2132 466 2156 bnt
482 2132 504 2156 if
516 2133 548 2156 he
559 2133 605 2157 will
622 2133 654 2157 be
665 2136 768 2157 content
784 2137 812 2158 to
827 2134 900 2164 begin
911 2134 971 2158 with
983 2134 1081 2163 doubs.
1090 2134 1122 2158 he
1132 2133 1194 2158 dnn
1203 2133 1255 2159 end
1271 2133 1298 2158 in

265 2169 421 2195 certaintieff
453 2170 501 2194 See
511 2169 558 2195 Bk.
569 2170 586 2201 i,
598 2170 627 2195 E.
639 2170 687 2195 and
699 2171 731 2201 8.,
743 2171 790 2196 vol.
803 2171 835 2196 iii.
845 2179 870 2203 p.
883 2179 938 2201 ²93-
971 2171 1016 2203 Cp.
1028 2171 1092 2203 Aph.
1105 2179 1145 2202 37.

1198 2349 1406 2428 Λ
