1473 2622
812 173 1401 327 *ff

275 335 311 365 16
314 335 331 363 8
584 338 651 363 DIS
653 338 768 363 TRJBU
767 339 792 362 T
787 338 828 363 10
847 335 983 363 OPERIS
982 353 990 361 -

273 411 396 442 intersit.
433 411 514 441 Nam
533 413 564 440 et
582 410 645 448 ipsa
661 410 710 439 illa
726 410 822 448 logica
834 409 962 448 vulgaris
974 409 1087 439 auxilia
1103 412 1134 439 et
1153 407 1303 448 praesidia

274 457 434 487 intellectui
453 457 548 485 moliri
565 466 600 485 ac
614 466 718 493 parare
735 457 907 493 profitetur:
933 460 963 485 et
981 457 1010 484 in
1027 457 1085 485 hoc
1102 465 1162 484 uno
1177 465 1301 484 eonsen-

274 505 360 533 tiunt.
399 503 508 532 Differ-t
526 506 625 531 autem
644 502 731 539 plane
746 511 764 530 a
778 501 892 540 vulgari
910 503 996 531 rebus
1014 502 1170 540 praecipue
1187 501 1301 531 tribus:

273 551 327 580 viz.
341 551 405 588 ipso
419 549 484 583 fine,
498 549 600 578 ordine
614 549 845 582 demonstrandi,
860 553 890 577 et
903 547 1068 586 inquirendi
1082 548 1178 577 initiis.

311 597 392 625 Nam
410 596 478 624 huic
495 599 610 624 nostrae
628 595 768 623 scientiae
785 595 850 622 finis
868 595 1048 631 proponitur,
1060 598 1096 622 ut
1113 593 1301 623 inveniantur

273 652 332 671 non
346 646 519 679 argumenta
535 642 588 670 sed
607 645 692 674 artes,
707 649 762 670 nec
781 641 930 677 principiis
949 645 1147 670 consentanea
1165 641 1218 670 sed
1234 641 1301 677 ipsa

272 689 421 726 principia,
436 697 489 718 nec
508 688 635 717 rationes
651 686 819 724 probabiles
838 687 890 715 sed
908 686 1128 724 designationes
1140 691 1171 715 et
1186 686 1300 716 indica-

271 735 368 764 tiones
389 734 530 771 Operum.
570 734 676 770 Itaque
701 742 740 761 ex
764 733 928 761 intentione
953 733 1069 761 diversa
1095 733 1228 761 diversus
1253 741 1300 761 se-

272 781 372 817 quitur
391 781 519 809 effectus.
559 780 625 808 Illic
646 780 725 808 enim
747 780 929 808 adversarius
952 779 1155 816 disputatione
1173 779 1300 808 vincitur

272 831 303 856 et
316 827 541 864 constringitur;
567 826 616 854 hic
630 831 740 860 natura,
754 834 851 863 opere.

310 873 414 911 Atque
441 881 509 902 cum
534 872 703 909 hujusmodi
725 872 783 900 fine
811 871 989 900 conveniunt
1011 871 1299 901 demonstrationum

272 919 401 955 ipsarum
425 923 530 947 natura
552 923 583 946 et
605 920 687 946 ordo.
727 918 763 946 In
785 918 881 955 logioe.
900 918 979 946 enim
999 918 1111 955 vulgari
1130 927 1222 955 opera
1239 918 1300 947 fere

273 966 406 994 universa
420 966 494 994 circa
513 965 727 1002 Syllogismum
745 964 934 994 consumitur.
974 963 1024 993 De
1038 963 1214 994 Inducfione
1229 973 1299 994 vem

272 1011 426 1041 Dialectici
449 1011 502 1040 vix
523 1012 598 1040 serio
624 1012 769 1047 cogitasse
791 1011 945 1044 videntum
976 1009 1034 1039 levi
1057 1011 1208 1039 mentione
1230 1019 1299 1040 eam

271 1059 512 1092 transmittentes,
533 1062 564 1085 et
587 1057 625 1085 ad
648 1057 817 1094 disputandi
844 1057 984 1085 formulas
1011 1061 1210 1094 properantes.
1252 1057 1299 1086 At

272 1113 326 1133 nos
345 1105 625 1133 demonstrationem
649 1112 702 1140 per
721 1103 926 1140 syllogismum
946 1102 1102 1139 rejicimus,
1123 1102 1204 1140 quod
1227 1112 1300 1132 con·

271 1150 363 1179 fusius
386 1155 462 1187 agat,
484 1155 512 1179 et
535 1155 671 1178 naturam
695 1150 812 1178 emittat
835 1158 853 1178 e
875 1149 1020 1178 manibus.
1059 1148 1195 1178 Tametsi
1217 1149 1297 1179 enim

272 1197 380 1225 nemini
409 1197 531 1226 dubium
559 1205 623 1224 esse
651 1196 745 1234 possit
771 1196 850 1233 quin,
877 1205 954 1233 quae
983 1196 1014 1224 in
1045 1195 1143 1224 medio
1169 1197 1298 1226 termino

272 1244 455 1277 conveniunt,
471 1253 505 1270 ea
520 1247 551 1271 et
565 1243 642 1270 inter
657 1253 689 1270 se
706 1243 882 1270 conveniant
895 1241 986 1280 (quod
1007 1247 1054 1270 est
1070 1243 1299 1272 mathematime

271 1289 425 1325 cujusdam
445 1286 657 1327 certitudinis):
678 1288 865 1317 nihilominus
885 1288 942 1318 hoc
961 1289 1063 1317 subest
1082 1288 1202 1324 fraudis,
1215 1291 1296 1327 quod

272 1335 457 1371 syllogismus
477 1344 516 1363 ex
536 1335 783 1372 propositionibus
801 1339 924 1370 constet,
942 1335 1156 1372 propositiones
1175 1344 1217 1364 ex
1231 1345 1297 1365 ver·

270 1381 323 1416 bis,
338 1381 427 1409 verba
445 1385 544 1409 autern
564 1381 717 1409 notionum
737 1384 866 1409 tesserae
885 1385 916 1409 et
934 1381 1019 1418 signa
1039 1381 1105 1410 sint.
1145 1381 1253 1419 Itaque
1272 1383 1298 1411 si

272 1427 406 1456 notiones
430 1427 510 1465 ipsae
531 1427 637 1456 mentis
658 1425 746 1466 (quae
764 1427 919 1456 verborum
940 1428 1024 1464 quasi
1047 1427 1146 1456 anima
1167 1432 1246 1463 sunt,
1267 1432 1299 1457 et

270 1470 361 1502 totius
379 1473 548 1510 hujusmodi
564 1477 727 1502 structurae
744 1482 779 1502 ac
797 1473 924 1502 fabricae
940 1472 1032 1513 basis)
1047 1473 1123 1502 male
1136 1482 1172 1503 ac
1184 1477 1299 1504 temere

270 1529 289 1548 a
312 1521 399 1548 rebus
422 1521 596 1554 abstractae,
617 1523 648 1548 et
666 1529 768 1556 vagae,
789 1529 843 1548 nec
864 1521 935 1548 satis
959 1521 1098 1549 definitae
1121 1525 1151 1549 et
1173 1521 1299 1550 circum·

270 1567 404 1603 scriptae,
422 1567 550 1602 denique
571 1566 670 1595 multis
690 1566 786 1594 modis
804 1567 927 1595 vitiosae
946 1566 1061 1600 suerint,
1081 1567 1179 1596 omnia
1200 1571 1299 1596 ruunt.

272 1612 432 1649 Rejicimus
452 1613 541 1649 igitur
562 1612 784 1649 syllogismum
809 1622 904 1650 neque
927 1612 958 1642 id
979 1612 1075 1642 solum
1095 1613 1194 1650 quoad
1217 1613 1298 1652 prin·

269 1659 347 1695 cipis
366 1657 416 1696 (ad
437 1668 514 1696 quae
533 1668 585 1688 nec
607 1659 648 1687 illi
667 1668 733 1688 eam
755 1657 908 1698 adhibent)
928 1659 979 1687 sed
1000 1659 1089 1688 etiam
1110 1660 1208 1696 quoad
1228 1669 1297 1698 pro-

270 1705 430 1742 positiones
450 1706 571 1739 medias,
591 1715 665 1742 quas
685 1706 783 1733 educit
803 1714 874 1734 sane
893 1709 983 1742 atque
1002 1706 1126 1742 parturit
1146 1710 1298 1744 utcunque

271 1751 466 1788 syllogismus,
489 1751 542 1780 sed
569 1760 690 1788 operum
715 1751 828 1780 steriles
854 1756 885 1780 et
911 1760 929 1779 a
956 1751 1084 1789 practica
1110 1757 1239 1782 remotas
1265 1757 1297 1782 et

269 1797 359 1834 plane
390 1798 489 1834 quoad
525 1802 639 1834 partem
673 1798 800 1826 activam
833 1798 1020 1826 scientiarum
1053 1798 1296 1836 incompetentes.

270 1843 414 1879 Quamvis
433 1843 519 1880 igitur
539 1843 738 1880 relinquamus
754 1843 926 1880 syllogismo
940 1848 971 1872 et
988 1843 1158 1880 hujusmodi
1171 1845 1297 1874 demon·

270 1890 460 1918 strationibus
479 1890 601 1919 famosis
619 1899 655 1919 ac
671 1890 790 1927 jactatis
808 1890 1040 1927 jurisdictionem
1057 1890 1086 1919 in
1105 1895 1183 1920 artes
1201 1901 1297 1930 popu-

269 1936 345 1964 lares
358 1939 388 1964 et
402 1936 564 1972 opinabiles
578 1934 630 1975 (nil
645 1936 722 1965 enim
738 1936 768 1964 in
786 1935 842 1965 hac
856 1939 940 1973 parte
953 1935 1126 1975 movemus),
1141 1942 1242 1966 tamen
1255 1938 1295 1968 ad

269 1986 405 2011 naturam
420 1991 515 2010 rerum
531 1983 706 2011 Inductione
724 1991 776 2019 per
794 1983 900 2018 omnia,
915 1986 944 2010 et
959 1986 1020 2011 tarn
1034 1984 1072 2011 ad
1088 1984 1216 2012 minores
1227 1992 1296 2020 pro·

267 2030 429 2066 positiones
448 2038 537 2066 quam
557 2030 595 2058 ad
615 2029 747 2066 majores,
763 2031 880 2059 utimur.
919 2029 1117 2059 Inductiotoem
1130 2031 1210 2059 enim
1227 2040 1297 2060 cen-

269 2085 368 2105 semus
381 2084 447 2104 mm
464 2084 527 2104 esse
543 2076 763 2104 demonstrandi
778 2076 912 2111 formam,
926 2085 1002 2114 quae
1015 2085 1135 2106 sensum
1149 2081 1251 2106 tuetur
1265 2081 1296 2107 et

268 2127 402 2151 naturam
417 2122 525 2159 premit
539 2126 569 2150 et
583 2122 721 2159 operibus
734 2122 870 2151 imminet
883 2131 918 2151 ac
932 2122 991 2152 fere
1005 2122 1195 2153 immiscetur.

307 2169 414 2206 Itaque
428 2168 501 2196 ordo
514 2177 632 2206 quoque
645 2168 865 2198 demonstrandi
882 2169 969 2206 plane
983 2169 1143 2199 invertitur.
1183 2169 1295 2200 Adhuc
