1473 2622
275 334 332 364 162
674 336 901 363 PRAEFATIO.
1400 374 1401 378 Ἰ

274 410 433 441 soelicitate
443 410 570 447 fortuita,
581 411 797 448 desperandum
811 414 864 440 est.
903 410 1012 448 Neque
1024 409 1103 439 enim
1116 409 1307 447 ingeniorum

275 462 503 495 quantacunque
523 458 706 492 excellentia„
723 467 820 494 neque
842 457 1014 494 experiendi
1037 457 1102 485 alea
1120 457 1240 494 saepius
1259 466 1308 487 re-

274 505 376 540 petita,
383 505 439 532 ista
450 505 565 532 vincere
575 508 673 540 queat.
705 503 840 540 Vestigia
851 503 901 532 filo
912 503 1040 540 regenda
1049 506 1132 532 sunt:
1146 503 1307 540 omnisque

274 550 330 584 via,
344 559 437 587 usque
450 559 467 579 a
481 550 583 586 primis
599 550 669 587 ipsis
683 558 822 578 sensuum
837 547 1082 586 perceptionibus,
1094 542 1176 578 c'erta
1187 549 1306 579 ratione

274 596 443 625 munienda-
478 596 584 633 Neque
599 596 671 625 haec
685 596 726 624 ita
739 595 909 632 accipienda
922 599 1000 629 sunt,
1009 603 1043 624 ac
1056 595 1082 623 si
1095 595 1168 624 nihil
1181 595 1305 624 omnino

274 645 319 670 tot
339 641 469 675 saeculis,
486 643 576 670 tantis
595 642 751 677 laboribus,
767 646 867 670 actum
887 641 933 670 sit.
973 640 1082 677 Neque
1099 641 1178 671 enim
1200 649 1305 670 eomm

275 697 352 726 quae
372 689 491 718 inventa
510 692 579 718 sunt
603 699 657 718 nos
678 689 818 726 poenitet.
856 687 961 726 Atque
980 687 1094 725 antiqui
1113 692 1200 722 certe,
1218 687 1250 716 in
1269 688 1306 717 'tis

274 743 350 771 quae
366 734 395 762 in
409 734 525 771 ingenio
539 739 569 764 et
584 735 775 764 meditatione
790 734 938 764 abstracta
954 733 1050 770 posim
1063 738 1142 768 sunt,
1154 733 1305 763 mirabiles

275 790 307 809 se
320 781 396 809 viros
411 782 589 817 praestitere.
628 783 738 811 Verum
749 781 1000 818 quemadmodum
1015 781 1138 809 saeculis
1150 781 1305 818 prioribus,

275 835 343 856 cum
355 827 490 856 homines
503 828 533 856 in
547 829 713 864 navigando
723 837 776 865 per
788 827 938 856 stellarum
952 831 1069 855 tantum
1082 826 1306 856 observationes

276 881 394 902 cursum
408 873 582 910 dirigebant,
595 875 703 903 veteris
717 883 788 903 sane
801 873 977 903 continentis
997 881 1063 902 oras
1081 873 1181 911 legere
1199 877 1307 910 potue·

276 922 352 953 runt,
379 922 430 946 aut
458 920 550 948 maria
577 920 676 957 aliqua
706 921 820 949 minora
847 923 878 948 et
903 919 1118 948 mediterranea
1148 919 1305 956 trajicere3

276 964 446 1002 priusquam
466 969 565 994 autem
585 975 712 994 oceanus
731 966 914 1002 trajiceretur
929 969 959 994 et
980 965 1047 993 novi
1071 965 1150 994 orbis
1169 966 1306 1002 regiones

277 1010 491 1046 detegerentur,
507 1020 626 1040 necesse
647 1012 702 1041 l'uit
721 1021 807 1040 usum
824 1020 893 1040 acus
914 1010 1057 1045 nauticae,
1070 1015 1104 1040 ut
1119 1011 1226 1040 ducem
1238 1011 1307 1040 viae

277 1057 372 1092 magis
386 1056 478 1084 fidum
493 1061 522 1085 et
535 1062 657 1093 certum,
670 1059 830 1088 innotuisse
842 1069 848 1086 :
862 1057 949 1085 simili
963 1066 1081 1094 prorsus
1093 1059 1215 1092 ratione.
1227 1066 1307 1094 quae

276 1102 429 1140 hucusque
452 1103 483 1131 in
504 1104 616 1132 artibus
637 1108 666 1133 et
690 1105 819 1133 scientiis
839 1105 960 1132 inventa
978 1107 1055 1138 sunt,
1075 1112 1111 1132 ea
1133 1103 1306 1140 hujusmodi

277 1153 347 1178 sunt
366 1152 398 1178 ut
418 1157 480 1184 usu,
502 1149 699 1186 meditatione,
719 1149 911 1184 observando,
926 1149 1170 1186 argumentanda,
1186 1150 1306 1187 reperiri

276 1195 443 1232 potuerint3
464 1198 567 1232 utpote
584 1205 660 1233 quae
675 1196 808 1224 sensibus
825 1195 961 1233 propiora
977 1195 1036 1224 sint
1053 1199 1083 1224 et
1099 1196 1306 1224 comunibus

277 1241 445 1270 notionibus
467 1241 527 1269 sere
546 1241 735 1279 subjacmnt;
764 1246 925 1278 antequam
944 1250 1015 1270 vero
1034 1241 1073 1270 ad
1097 1241 1256 1270 remotima
1275 1246 1307 1270 et

277 1286 437 1316 occultiora
462 1290 586 1316 naturae
611 1287 698 1316 liceat
723 1287 878 1324 appellere,
901 1287 1064 1316 necessario
1091 1287 1248 1324 requiritur
1273 1291 1307 1319 ut

279 1335 382 1362 melior
408 1337 438 1362 et
464 1334 619 1370 perfectior
645 1335 753 1363 mentis
779 1339 808 1363 et
837 1333 1006 1362 intellectus
1030 1333 1152 1362 humani
1178 1343 1250 1363 usus
1275 1337 1308 1363 et

277 1380 448 1417 adoperatio
461 1380 669 1409 introducatur.

316 1427 383 1456 Nos
395 1430 482 1461 certe,
497 1431 617 1456 aeterno
630 1426 762 1455 veritatis
774 1434 875 1455 amore
888 1425 1004 1460 devicti.
1016 1425 1129 1454 viarum
1144 1424 1264 1455 incertis
1276 1429 1308 1455 et

278 1473 377 1502 arduis
390 1478 420 1501 et
435 1472 641 1501 solitudinibus
655 1481 708 1501 nos
721 1472 938 1507 commisimus3
959 1475 990 1501 et
999 1471 1099 1501 divino
1113 1471 1226 1501 auxilio
1237 1471 1307 1501 freti

279 1523 309 1548 et
329 1519 430 1554 innixi,
445 1523 575 1547 mentem
596 1523 726 1546 nostram
744 1522 774 1546 et
788 1522 890 1547 contra
910 1518 1081 1555 opinionum
1099 1516 1257 1546 violentias
1276 1522 1308 1547 et

278 1565 362 1602 quasi
383 1565 537 1594 instructas
559 1565 642 1600 acies,
660 1569 690 1594 et
710 1569 812 1594 contra
832 1564 963 1602 proprias
984 1568 1015 1592 et
1034 1563 1162 1592 internas
1178 1562 1308 1593 haesita-

278 1611 374 1640 tiones
400 1615 430 1639 et
453 1611 612 1647 scrupulos,
633 1614 665 1639 et
690 1614 792 1639 contra
816 1619 912 1638 rerum
938 1609 1078 1646 caligines
1101 1613 1130 1638 et
1154 1609 1250 1638 nubes
1275 1614 1308 1639 et

279 1657 476 1692 undequaque
483 1656 616 1684 volantes
628 1657 804 1692 phantasias.
813 1656 1019 1691 sustinuimus3
1036 1659 1069 1684 ut
1079 1655 1201 1684 tandem
1213 1656 1308 1692 magis

277 1702 339 1731 fida
355 1707 384 1730 et
400 1710 502 1730 secura
521 1701 627 1730 indicia
642 1702 807 1730 viventibus
827 1707 858 1730 et
875 1701 1000 1738 posteris
1020 1709 1189 1738 comparare
1205 1710 1308 1739 posse-

280 1757 354 1777 mus.
394 1748 462 1784 Qua
476 1748 504 1775 in
518 1757 549 1776 re
562 1748 585 1776 si
600 1748 669 1785 quid
681 1748 897 1785 profecerimus,
906 1757 966 1776 non
975 1747 1035 1776 alia
1047 1757 1118 1776 sane
1132 1748 1206 1776 ratio
1220 1747 1307 1776 nobis

278 1795 356 1822 viam
370 1795 483 1831 aperuit
494 1804 583 1831 quam
593 1804 663 1822 vera
676 1799 706 1822 et
721 1795 853 1831 legitima
866 1795 984 1831 spiritus
997 1794 1118 1822 humani
1131 1793 1308 1823 humiliatio.

281 1840 393 1870 Omnes
404 1840 480 1869 enim
491 1845 560 1870 ante
571 1850 632 1875 nos,
641 1841 690 1878 qui
705 1841 743 1869 ad
757 1846 836 1869 artes
847 1841 1036 1870 inveniendas
1050 1850 1082 1869 se
1095 1839 1308 1877 applicuerunt,

278 1886 419 1923 conjectis
438 1887 587 1923 paulisper
607 1887 635 1915 in
657 1895 702 1915 res
719 1891 750 1915 et
771 1887 911 1923 exempla
926 1891 957 1916 et
973 1887 1187 1923 experientiam
1205 1886 1308 1921 oculis,

279 1933 387 1967 statim,
401 1932 483 1969 quasi
502 1933 632 1962 inventio
650 1933 690 1962 nil
705 1933 783 1961 aliud
801 1938 877 1961 esset
891 1942 980 1970 quam
994 1933 1142 1969 quaedam
1154 1933 1309 1969 excogita-

278 1978 329 2014 tio,
346 1978 464 2016 spiritus
481 1979 614 2016 proprios
633 1985 665 2008 ut
685 1979 740 2008 sibi
760 1979 877 2008 oracula
896 1978 1070 2008 exhiberent
1086 1978 1309 2016 quodammodo

279 2025 459 2055 invocarunt.
506 2025 570 2054 Nos
589 2034 658 2054 vero
678 2026 756 2054 inter
774 2034 820 2054 res
836 2029 918 2054 caste
937 2029 968 2054 et
988 2030 1130 2063 perpetuo
1148 2029 1307 2059 versantu,

280 2070 461 2099 intellectum
482 2070 600 2107 longius
616 2081 634 2099 a
656 2072 742 2100 rebus
762 2081 820 2100 non
841 2071 1039 2100 abstrahimus
1051 2081 1140 2109 quam
1157 2076 1190 2100 ut
1210 2081 1307 2100 rerum

280 2116 423 2154 imagines
444 2121 473 2145 et
494 2117 566 2146 radii
585 2116 631 2154 (ut
651 2118 680 2147 in
700 2127 788 2147 sensu
809 2116 855 2156 fit)
872 2119 950 2147 coire
969 2119 1100 2156 possint3
1119 2119 1200 2148 unde
1217 2117 1258 2153 fit,
1274 2122 1308 2147 ut

281 2163 388 2200 ingenii
403 2163 511 2192 viribus
525 2167 554 2192 et
568 2163 762 2193 excellentiae
776 2173 833 2193 non
849 2164 974 2194 multum
988 2165 1175 2203 relinquatur.
1202 2163 1309 2202 Atque

1211 2423 1214 2424 γ
1225 2378 1405 2426 &A
