<?xml version="1.0" encoding="UTF-8"?>
<!DOCTYPE html PUBLIC "-//W3C//DTD XHTML 1.0 Transitional//EN"
    "http://www.w3.org/TR/xhtml1/DTD/xhtml1-transitional.dtd">
<html xmlns="http://www.w3.org/1999/xhtml" xml:lang="en" lang="en">
 <head>
  <title>
</title>
<meta http-equiv="Content-Type" content="text/html;charset=utf-8" />
  <meta name='ocr-system' content='tesseract 3.04.00' />
  <meta name='ocr-capabilities' content='ocr_page ocr_carea ocr_par ocr_line ocrx_word'/>
</head>
<body>
  <div class='ocr_page' id='page_1' title='image "baconsnovumorga00fowlgoog_0338.png"; bbox 0 0 1473 2622; ppageno 0'>
   <div class='ocr_carea' id='block_1_1' title="bbox 258 337 947 376">
    <p class='ocr_par' dir='ltr' id='par_1_1' title="bbox 258 337 947 376">
     <span class='ocr_line' id='line_1_1' title="bbox 258 337 947 376; baseline -0.003 -10"><span class='ocrx_word' id='word_1_1' title='bbox 258 337 316 376; x_wconf 79' lang='lat'><strong>³¹8</strong></span> <span class='ocrx_word' id='word_1_2' title='bbox 592 341 646 366; x_wconf 79' lang='lat' dir='ltr'><strong>No</strong></span> <span class='ocrx_word' id='word_1_3' title='bbox 651 340 735 365; x_wconf 82' lang='lat' dir='ltr'><strong>VUM</strong></span> <span class='ocrx_word' id='word_1_4' title='bbox 751 339 947 365; x_wconf 77' lang='lat' dir='ltr'><em>ORGANUM.</em></span> 
     </span>
    </p>
   </div>
   <div class='ocr_carea' id='block_1_2' title="bbox 259 405 1316 1652">
    <p class='ocr_par' dir='ltr' id='par_1_2' title="bbox 259 405 1316 867">
     <span class='ocr_line' id='line_1_2' title="bbox 259 405 1291 451; baseline 0 -9"><span class='ocrx_word' id='word_1_5' title='bbox 259 414 411 443; x_wconf 81' lang='lat' dir='ltr'><strong>definitam</strong></span> <span class='ocrx_word' id='word_1_6' title='bbox 422 413 514 443; x_wconf 83' lang='lat' dir='ltr'><strong>instar</strong></span> <span class='ocrx_word' id='word_1_7' title='bbox 523 413 595 443; x_wconf 87' lang='lat' dir='ltr'><strong>lucis</strong></span> <span class='ocrx_word' id='word_1_8' title='bbox 605 423 684 448; x_wconf 67' lang='lat' dir='ltr'><strong>esse:</strong></span> <span class='ocrx_word' id='word_1_9' title='bbox 705 423 781 451; x_wconf 85' lang='lat' dir='ltr'><strong>quae</strong></span> <span class='ocrx_word' id='word_1_10' title='bbox 790 413 829 442; x_wconf 87' lang='lat' dir='ltr'><strong>ad</strong></span> <span class='ocrx_word' id='word_1_11' title='bbox 840 414 975 442; x_wconf 80' lang='lat' dir='ltr'><strong>universa</strong></span> <span class='ocrx_word' id='word_1_12' title='bbox 988 421 1110 450; x_wconf 84' lang='lat' dir='ltr'><strong>operum</strong></span> <span class='ocrx_word' id='word_1_13' title='bbox 1124 405 1291 451; x_wconf 81' lang='lat' dir='ltr'><strong>penetralia·</strong></span> 
     </span>
     <span class='ocr_line' id='line_1_3' title="bbox 259 460 1285 498; baseline -0.002 -8"><span class='ocrx_word' id='word_1_14' title='bbox 259 461 372 490; x_wconf 84' lang='lat' dir='ltr'><strong>aditum</strong></span> <span class='ocrx_word' id='word_1_15' title='bbox 382 461 510 498; x_wconf 80' lang='lat' dir='ltr'><strong>praebet,</strong></span> <span class='ocrx_word' id='word_1_16' title='bbox 519 465 610 498; x_wconf 82' lang='lat' dir='ltr'><strong>atque</strong></span> <span class='ocrx_word' id='word_1_17' title='bbox 617 464 681 490; x_wconf 80' lang='lat' dir='ltr'><strong>tota</strong></span> <span class='ocrx_word' id='word_1_18' title='bbox 689 460 806 498; x_wconf 79' lang='lat' dir='ltr'><strong>agmina</strong></span> <span class='ocrx_word' id='word_1_19' title='bbox 815 469 936 497; x_wconf 81' lang='lat' dir='ltr'><strong>operum</strong></span> <span class='ocrx_word' id='word_1_20' title='bbox 945 464 975 489; x_wconf 88' lang='lat' dir='ltr'><strong>et</strong></span> <span class='ocrx_word' id='word_1_21' title='bbox 983 465 1103 494; x_wconf 84' lang='lat' dir='ltr'><strong>turmas,</strong></span> <span class='ocrx_word' id='word_1_22' title='bbox 1113 464 1143 488; x_wconf 92' lang='lat' dir='ltr'><strong>et</strong></span> <span class='ocrx_word' id='word_1_23' title='bbox 1151 460 1285 488; x_wconf 83' lang='lat' dir='ltr'><strong>axioma-</strong></span> 
     </span>
     <span class='ocr_line' id='line_1_4' title="bbox 259 505 1285 543; baseline -0.002 -7"><span class='ocrx_word' id='word_1_24' title='bbox 259 511 323 536; x_wconf 86' lang='lat' dir='ltr'><strong>tum</strong></span> <span class='ocrx_word' id='word_1_25' title='bbox 338 507 586 536; x_wconf 82' lang='lat' dir='ltr'><strong>nobilissimorum</strong></span> <span class='ocrx_word' id='word_1_26' title='bbox 600 506 704 540; x_wconf 83' lang='lat' dir='ltr'><strong>sontes,</strong></span> <span class='ocrx_word' id='word_1_27' title='bbox 716 510 864 543; x_wconf 78' lang='lat' dir='ltr'>potestate</span> <span class='ocrx_word' id='word_1_28' title='bbox 882 506 1013 542; x_wconf 87' lang='lat' dir='ltr'><strong>quadam</strong></span> <span class='ocrx_word' id='word_1_29' title='bbox 1032 505 1238 542; x_wconf 80' lang='lat' dir='ltr'><strong>complectitur</strong></span> <span class='ocrx_word' id='word_1_30' title='bbox 1254 509 1285 534; x_wconf 87' lang='lat' dir='ltr'><strong>et</strong></span> 
     </span>
     <span class='ocr_line' id='line_1_5' title="bbox 259 551 1287 590; baseline -0.002 -8"><span class='ocrx_word' id='word_1_31' title='bbox 259 557 329 590; x_wconf 83' lang='lat' dir='ltr'><strong>post</strong></span> <span class='ocrx_word' id='word_1_32' title='bbox 342 562 373 582; x_wconf 87' lang='lat' dir='ltr'><strong>se</strong></span> <span class='ocrx_word' id='word_1_33' title='bbox 387 554 494 588; x_wconf 79' lang='lat' dir='ltr'><strong>trahit3</strong></span> <span class='ocrx_word' id='word_1_34' title='bbox 521 554 551 581; x_wconf 87' lang='lat' dir='ltr'><strong>in</strong></span> <span class='ocrx_word' id='word_1_35' title='bbox 564 562 598 582; x_wconf 86' lang='lat' dir='ltr'><strong>se</strong></span> <span class='ocrx_word' id='word_1_36' title='bbox 610 557 711 581; x_wconf 82' lang='lat' dir='ltr'><strong>tamen</strong></span> <span class='ocrx_word' id='word_1_37' title='bbox 725 561 785 581; x_wconf 85' lang='lat' dir='ltr'><strong>non</strong></span> <span class='ocrx_word' id='word_1_38' title='bbox 798 553 838 581; x_wconf 90' lang='lat' dir='ltr'><strong>ita</strong></span> <span class='ocrx_word' id='word_1_39' title='bbox 859 553 957 589; x_wconf 77' lang='lat' dir='ltr'><strong>magni</strong></span> <span class='ocrx_word' id='word_1_40' title='bbox 974 561 1043 581; x_wconf 80' lang='lat' dir='ltr'><strong>usus</strong></span> <span class='ocrx_word' id='word_1_41' title='bbox 1059 556 1114 581; x_wconf 86' lang='lat' dir='ltr'><strong>est.</strong></span> <span class='ocrx_word' id='word_1_42' title='bbox 1154 551 1235 588; x_wconf 83' lang='lat' dir='ltr'><strong>Quin</strong></span> <span class='ocrx_word' id='word_1_43' title='bbox 1254 555 1287 580; x_wconf 90' lang='lat' dir='ltr'><strong>et</strong></span> 
     </span>
     <span class='ocr_line' id='line_1_6' title="bbox 260 597 1316 636; baseline -0.002 -8"><span class='ocrx_word' id='word_1_44' title='bbox 260 599 410 628; x_wconf 82' lang='lat' dir='ltr'><strong>literarum</strong></span> <span class='ocrx_word' id='word_1_45' title='bbox 431 599 576 628; x_wconf 82' lang='lat' dir='ltr'><strong>elementa</strong></span> <span class='ocrx_word' id='word_1_46' title='bbox 600 607 653 636; x_wconf 82' lang='lat' dir='ltr'><strong>per</strong></span> <span class='ocrx_word' id='word_1_47' title='bbox 671 609 704 628; x_wconf 81' lang='lat' dir='ltr'><strong>se</strong></span> <span class='ocrx_word' id='word_1_48' title='bbox 723 603 755 628; x_wconf 90' lang='lat' dir='ltr'><strong>et</strong></span> <span class='ocrx_word' id='word_1_49' title='bbox 773 599 933 636; x_wconf 86' lang='lat' dir='ltr'><strong>separatim</strong></span> <span class='ocrx_word' id='word_1_50' title='bbox 954 599 1025 627; x_wconf 84' lang='lat' dir='ltr'><strong>nihil</strong></span> <span class='ocrx_word' id='word_1_51' title='bbox 1045 597 1212 636; x_wconf 78' lang='lat' dir='ltr'><strong>significant</strong></span> <span class='ocrx_word' id='word_1_52' title='bbox 1231 606 1286 626; x_wconf 86' lang='lat' dir='ltr'><strong>nec</strong></span> <span class='ocrx_word' id='word_1_53' title='bbox 1312 626 1316 629; x_wconf 76' lang='grc'>,</span> 
     </span>
     <span class='ocr_line' id='line_1_7' title="bbox 260 644 1286 682; baseline -0.002 -8"><span class='ocrx_word' id='word_1_54' title='bbox 260 645 382 682; x_wconf 82' lang='lat' dir='ltr'><strong>alicujus</strong></span> <span class='ocrx_word' id='word_1_55' title='bbox 405 655 475 674; x_wconf 80' lang='lat' dir='ltr'><strong>usus</strong></span> <span class='ocrx_word' id='word_1_56' title='bbox 498 649 574 680; x_wconf 79' lang='lat' dir='ltr'><strong>sunt,</strong></span> <span class='ocrx_word' id='word_1_57' title='bbox 596 645 650 674; x_wconf 83' lang='lat' dir='ltr'><strong>sed</strong></span> <span class='ocrx_word' id='word_1_58' title='bbox 670 649 771 674; x_wconf 79' lang='lat' dir='ltr'><strong>tamen</strong></span> <span class='ocrx_word' id='word_1_59' title='bbox 794 645 831 673; x_wconf 86' lang='lat' dir='ltr'><strong>ad</strong></span> <span class='ocrx_word' id='word_1_60' title='bbox 856 645 952 673; x_wconf 79' lang='lat' dir='ltr'><strong>omnis</strong></span> <span class='ocrx_word' id='word_1_61' title='bbox 974 645 1116 673; x_wconf 79' lang='lat' dir='ltr'><strong>sermonis</strong></span> <span class='ocrx_word' id='word_1_62' title='bbox 1140 644 1286 681; x_wconf 82' lang='lat' dir='ltr'><strong>composi-</strong></span> 
     </span>
     <span class='ocr_line' id='line_1_8' title="bbox 261 691 1285 729; baseline -0.001 -9"><span class='ocrx_word' id='word_1_63' title='bbox 261 692 372 720; x_wconf 84' lang='lat' dir='ltr'><strong>tionem</strong></span> <span class='ocrx_word' id='word_1_64' title='bbox 396 696 427 720; x_wconf 88' lang='lat' dir='ltr'><strong>et</strong></span> <span class='ocrx_word' id='word_1_65' title='bbox 448 696 623 729; x_wconf 82' lang='lat' dir='ltr'><strong>apparatum</strong></span> <span class='ocrx_word' id='word_1_66' title='bbox 648 691 738 720; x_wconf 82' lang='lat' dir='ltr'><strong>instar</strong></span> <span class='ocrx_word' id='word_1_67' title='bbox 759 691 899 720; x_wconf 77' lang='lat' dir='ltr'><strong>materiae</strong></span> <span class='ocrx_word' id='word_1_68' title='bbox 922 692 1032 728; x_wconf 80' lang='lat' dir='ltr'>primae</span> <span class='ocrx_word' id='word_1_69' title='bbox 1056 695 1134 719; x_wconf 80' lang='lat' dir='ltr'><strong>sunt.</strong></span> <span class='ocrx_word' id='word_1_70' title='bbox 1185 691 1285 719; x_wconf 86' lang='lat' dir='ltr'><strong>Etiam</strong></span> 
     </span>
     <span class='ocr_line' id='line_1_9' title="bbox 261 734 1285 775; baseline 0 -9"><span class='ocrx_word' id='word_1_71' title='bbox 261 739 375 766; x_wconf 84' lang='lat' dir='ltr'><strong>semina</strong></span> <span class='ocrx_word' id='word_1_72' title='bbox 398 747 494 766; x_wconf 81' lang='lat' dir='ltr'><strong>rerum</strong></span> <span class='ocrx_word' id='word_1_73' title='bbox 518 742 665 775; x_wconf 79' lang='lat' dir='ltr'>potestate</span> <span class='ocrx_word' id='word_1_74' title='bbox 692 737 797 772; x_wconf 78' lang='lat' dir='ltr'><strong>valida,</strong></span> <span class='ocrx_word' id='word_1_75' title='bbox 824 747 877 766; x_wconf 79' lang='lat' dir='ltr'><strong>usu</strong></span> <span class='ocrx_word' id='word_1_76' title='bbox 906 735 972 775; x_wconf 82' lang='lat' dir='ltr'><strong>(nisi</strong></span> <span class='ocrx_word' id='word_1_77' title='bbox 1000 737 1030 766; x_wconf 89' lang='lat' dir='ltr'><strong>in</strong></span> <span class='ocrx_word' id='word_1_78' title='bbox 1056 747 1193 775; x_wconf 84' lang='lat' dir='ltr'><strong>processu</strong></span> <span class='ocrx_word' id='word_1_79' title='bbox 1218 734 1285 775; x_wconf 85' lang='lat' dir='ltr'><strong>suo)</strong></span> 
     </span>
     <span class='ocr_line' id='line_1_10' title="bbox 262 783 1286 821; baseline -0.002 -8"><span class='ocrx_word' id='word_1_80' title='bbox 262 784 345 813; x_wconf 82' lang='lat' dir='ltr'><strong>nihili</strong></span> <span class='ocrx_word' id='word_1_81' title='bbox 370 789 448 814; x_wconf 81' lang='lat' dir='ltr'><strong>sunt.</strong></span> <span class='ocrx_word' id='word_1_82' title='bbox 496 784 601 821; x_wconf 80' lang='lat' dir='ltr'>Atque</span> <span class='ocrx_word' id='word_1_83' title='bbox 623 783 696 813; x_wconf 86' lang='lat' dir='ltr'><strong>lucis</strong></span> <span class='ocrx_word' id='word_1_84' title='bbox 718 783 810 821; x_wconf 82' lang='lat' dir='ltr'><strong>ipsius</strong></span> <span class='ocrx_word' id='word_1_85' title='bbox 832 783 904 812; x_wconf 84' lang='lat' dir='ltr'><strong>raclii</strong></span> <span class='ocrx_word' id='word_1_86' title='bbox 932 783 1062 821; x_wconf 80' lang='lat' dir='ltr'><strong>dispersi,</strong></span> <span class='ocrx_word' id='word_1_87' title='bbox 1089 783 1146 812; x_wconf 85' lang='lat' dir='ltr'><strong>nisi</strong></span> <span class='ocrx_word' id='word_1_88' title='bbox 1172 787 1286 818; x_wconf 65' lang='lat' dir='ltr'><strong>comat,</strong></span> 
     </span>
     <span class='ocr_line' id='line_1_11' title="bbox 261 831 836 867; baseline -0.003 -7"><span class='ocrx_word' id='word_1_89' title='bbox 261 831 437 860; x_wconf 82' lang='lat' dir='ltr'><strong>beneficium</strong></span> <span class='ocrx_word' id='word_1_90' title='bbox 450 839 535 859; x_wconf 82' lang='lat' dir='ltr'><strong>suum</strong></span> <span class='ocrx_word' id='word_1_91' title='bbox 551 838 608 858; x_wconf 86' lang='lat' dir='ltr'><strong>non</strong></span> <span class='ocrx_word' id='word_1_92' title='bbox 623 831 836 867; x_wconf 82' lang='lat' dir='ltr'><strong>impertiuntur.</strong></span> 
     </span>
    </p>

    <p class='ocr_par' dir='ltr' id='par_1_3' title="bbox 262 874 1293 1652">
     <span class='ocr_line' id='line_1_12' title="bbox 302 874 1287 914; baseline -0.001 -9"><span class='ocrx_word' id='word_1_93' title='bbox 302 877 391 914; x_wconf 81' lang='lat' dir='ltr'><strong>Quod</strong></span> <span class='ocrx_word' id='word_1_94' title='bbox 413 877 436 904; x_wconf 86' lang='lat' dir='ltr'><strong>si</strong></span> <span class='ocrx_word' id='word_1_95' title='bbox 452 877 518 914; x_wconf 80' lang='lat' dir='ltr'><strong>quis</strong></span> <span class='ocrx_word' id='word_1_96' title='bbox 535 876 745 905; x_wconf 79' lang='lat' dir='ltr'><strong>subtilitatibus</strong></span> <span class='ocrx_word' id='word_1_97' title='bbox 764 875 950 913; x_wconf 82' lang='lat' dir='ltr'><strong>speculativis</strong></span> <span class='ocrx_word' id='word_1_98' title='bbox 971 875 1144 911; x_wconf 81' lang='lat' dir='ltr'><strong>offendatur,</strong></span> <span class='ocrx_word' id='word_1_99' title='bbox 1157 874 1228 914; x_wconf 83' lang='lat' dir='ltr'><strong>quid</strong></span> <span class='ocrx_word' id='word_1_100' title='bbox 1249 874 1287 904; x_wconf 85' lang='lat' dir='ltr'><strong>de</strong></span> 
     </span>
     <span class='ocr_line' id='line_1_13' title="bbox 263 922 1287 959; baseline 0 -9"><span class='ocrx_word' id='word_1_101' title='bbox 263 923 443 951; x_wconf 83' lang='lat' dir='ltr'><strong>scholasticis</strong></span> <span class='ocrx_word' id='word_1_102' title='bbox 462 923 530 950; x_wconf 82' lang='lat' dir='ltr'><strong>viris</strong></span> <span class='ocrx_word' id='word_1_103' title='bbox 551 923 706 951; x_wconf 86' lang='lat' dir='ltr'><strong>dicendum</strong></span> <span class='ocrx_word' id='word_1_104' title='bbox 728 923 790 957; x_wconf 83' lang='lat' dir='ltr'><strong>erit,</strong></span> <span class='ocrx_word' id='word_1_105' title='bbox 810 922 860 959; x_wconf 90' lang='lat' dir='ltr'><strong>qui</strong></span> <span class='ocrx_word' id='word_1_106' title='bbox 880 922 1091 951; x_wconf 81' lang='lat' dir='ltr'><strong>subtilitatibus</strong></span> <span class='ocrx_word' id='word_1_107' title='bbox 1110 923 1287 950; x_wconf 80' lang='lat' dir='ltr'><strong>immensum</strong></span> 
     </span>
     <span class='ocr_line' id='line_1_14' title="bbox 262 968 1287 1004; baseline 0 -8"><span class='ocrx_word' id='word_1_108' title='bbox 262 968 464 996; x_wconf 85' lang='lat' dir='ltr'><strong>indulserunt?</strong></span> <span class='ocrx_word' id='word_1_109' title='bbox 484 977 559 1004; x_wconf 90' lang='lat' dir='ltr'><strong>quae</strong></span> <span class='ocrx_word' id='word_1_110' title='bbox 573 973 673 996; x_wconf 84' lang='lat' dir='ltr'><strong>tamen</strong></span> <span class='ocrx_word' id='word_1_111' title='bbox 687 968 864 996; x_wconf 78' lang='lat' dir='ltr'><strong>subtilitates</strong></span> <span class='ocrx_word' id='word_1_112' title='bbox 878 969 906 996; x_wconf 87' lang='lat' dir='ltr'><strong>in</strong></span> <span class='ocrx_word' id='word_1_113' title='bbox 923 968 1027 1003; x_wconf 87' lang='lat' dir='ltr'><strong>verbis,</strong></span> <span class='ocrx_word' id='word_1_114' title='bbox 1040 973 1091 996; x_wconf 85' lang='lat' dir='ltr'><strong>aut</strong></span> <span class='ocrx_word' id='word_1_115' title='bbox 1104 968 1210 996; x_wconf 85' lang='lat' dir='ltr'><strong>saltem</strong></span> <span class='ocrx_word' id='word_1_116' title='bbox 1223 968 1287 996; x_wconf 91' lang='lat' dir='ltr'><strong>vul-</strong></span> 
     </span>
     <span class='ocr_line' id='line_1_15' title="bbox 263 1012 1289 1053; baseline 0 -11"><span class='ocrx_word' id='word_1_117' title='bbox 263 1015 382 1051; x_wconf 80' lang='lat' dir='ltr'><strong>garibus</strong></span> <span class='ocrx_word' id='word_1_118' title='bbox 398 1015 565 1042; x_wconf 84' lang='lat' dir='ltr'><strong>notionibus</strong></span> <span class='ocrx_word' id='word_1_119' title='bbox 584 1012 676 1053; x_wconf 88' lang='lat' dir='ltr'><strong>(quod</strong></span> <span class='ocrx_word' id='word_1_120' title='bbox 696 1015 871 1042; x_wconf 82' lang='lat' dir='ltr'><strong>tantundem</strong></span> <span class='ocrx_word' id='word_1_121' title='bbox 891 1013 990 1052; x_wconf 79' lang='lat' dir='ltr'><strong>valet),</strong></span> <span class='ocrx_word' id='word_1_122' title='bbox 1003 1024 1063 1042; x_wconf 83' lang='lat' dir='ltr'><strong>non</strong></span> <span class='ocrx_word' id='word_1_123' title='bbox 1081 1015 1111 1042; x_wconf 88' lang='lat' dir='ltr'><strong>in</strong></span> <span class='ocrx_word' id='word_1_124' title='bbox 1130 1015 1218 1042; x_wconf 78' lang='lat' dir='ltr'><strong>rebus</strong></span> <span class='ocrx_word' id='word_1_125' title='bbox 1235 1018 1289 1042; x_wconf 83' lang='lat' dir='ltr'><strong>aut</strong></span> 
     </span>
     <span class='ocr_line' id='line_1_16' title="bbox 263 1060 1289 1098; baseline 0 -9"><span class='ocrx_word' id='word_1_126' title='bbox 263 1065 367 1090; x_wconf 72' lang='lat' dir='ltr'><strong>natum</strong></span> <span class='ocrx_word' id='word_1_127' title='bbox 380 1065 573 1098; x_wconf 79' lang='lat' dir='ltr'><strong>consumptae</strong></span> <span class='ocrx_word' id='word_1_128' title='bbox 585 1060 708 1095; x_wconf 83' lang='lat' dir='ltr'><strong>fuerunt,</strong></span> <span class='ocrx_word' id='word_1_129' title='bbox 722 1065 812 1098; x_wconf 79' lang='lat' dir='ltr'><strong>atque</strong></span> <span class='ocrx_word' id='word_1_130' title='bbox 825 1060 959 1090; x_wconf 83' lang='lat' dir='ltr'><strong>utilitatis</strong></span> <span class='ocrx_word' id='word_1_131' title='bbox 974 1065 1111 1098; x_wconf 85' lang='lat' dir='ltr'><strong>expertes</strong></span> <span class='ocrx_word' id='word_1_132' title='bbox 1124 1065 1215 1095; x_wconf 78' lang='lat' dir='ltr'><strong>erant,</strong></span> <span class='ocrx_word' id='word_1_133' title='bbox 1228 1069 1289 1089; x_wconf 83' lang='lat' dir='ltr'><strong>non</strong></span> 
     </span>
     <span class='ocr_line' id='line_1_17' title="bbox 263 1107 1288 1144; baseline 0 -9"><span class='ocrx_word' id='word_1_134' title='bbox 263 1111 380 1135; x_wconf 85' lang='lat' dir='ltr'><strong>tantum</strong></span> <span class='ocrx_word' id='word_1_135' title='bbox 395 1107 423 1135; x_wconf 88' lang='lat' dir='ltr'><strong>in</strong></span> <span class='ocrx_word' id='word_1_136' title='bbox 437 1107 557 1143; x_wconf 84' lang='lat' dir='ltr'><strong>origine,</strong></span> <span class='ocrx_word' id='word_1_137' title='bbox 567 1107 619 1135; x_wconf 84' lang='lat' dir='ltr'><strong>sed</strong></span> <span class='ocrx_word' id='word_1_138' title='bbox 634 1107 722 1135; x_wconf 83' lang='lat' dir='ltr'><strong>etiam</strong></span> <span class='ocrx_word' id='word_1_139' title='bbox 737 1107 767 1135; x_wconf 89' lang='lat' dir='ltr'><strong>in</strong></span> <span class='ocrx_word' id='word_1_140' title='bbox 781 1107 1008 1144; x_wconf 87' lang='lat' dir='ltr'><strong>consequentiis;</strong></span> <span class='ocrx_word' id='word_1_141' title='bbox 1026 1107 1103 1136; x_wconf 83' lang='lat' dir='ltr'><strong>tales</strong></span> <span class='ocrx_word' id='word_1_142' title='bbox 1115 1111 1215 1135; x_wconf 86' lang='lat' dir='ltr'><strong>autem</strong></span> <span class='ocrx_word' id='word_1_143' title='bbox 1229 1115 1288 1135; x_wconf 86' lang='lat' dir='ltr'><strong>non</strong></span> 
     </span>
     <span class='ocr_line' id='line_1_18' title="bbox 265 1153 1289 1190; baseline 0 -9"><span class='ocrx_word' id='word_1_144' title='bbox 265 1153 388 1189; x_wconf 83' lang='lat' dir='ltr'><strong>suerunt,</strong></span> <span class='ocrx_word' id='word_1_145' title='bbox 398 1157 430 1181; x_wconf 87' lang='lat' dir='ltr'><strong>ut</strong></span> <span class='ocrx_word' id='word_1_146' title='bbox 445 1153 586 1182; x_wconf 86' lang='lat' dir='ltr'><strong>haberent</strong></span> <span class='ocrx_word' id='word_1_147' title='bbox 600 1153 629 1181; x_wconf 87' lang='lat' dir='ltr'><strong>in</strong></span> <span class='ocrx_word' id='word_1_148' title='bbox 642 1162 781 1190; x_wconf 83' lang='lat' dir='ltr'><strong>praesens</strong></span> <span class='ocrx_word' id='word_1_149' title='bbox 789 1154 947 1181; x_wconf 84' lang='lat' dir='ltr'><strong>utilitatem</strong></span> <span class='ocrx_word' id='word_1_150' title='bbox 963 1153 1081 1189; x_wconf 84' lang='lat' dir='ltr'><strong>nullam,</strong></span> <span class='ocrx_word' id='word_1_151' title='bbox 1090 1153 1143 1182; x_wconf 83' lang='lat' dir='ltr'><strong>sed</strong></span> <span class='ocrx_word' id='word_1_152' title='bbox 1157 1161 1289 1190; x_wconf 84' lang='lat' dir='ltr'><strong>percon-</strong></span> 
     </span>
     <span class='ocr_line' id='line_1_19' title="bbox 264 1198 1289 1237; baseline 0 -9"><span class='ocrx_word' id='word_1_153' title='bbox 264 1209 389 1236; x_wconf 86' lang='lat' dir='ltr'><strong>sequens</strong></span> <span class='ocrx_word' id='word_1_154' title='bbox 404 1199 564 1234; x_wconf 65' lang='lat' dir='ltr'><strong>infinitam</strong></span> <span class='ocrx_word' id='word_1_155' title='bbox 591 1199 692 1236; x_wconf 84' lang='lat' dir='ltr'><strong>quales</strong></span> <span class='ocrx_word' id='word_1_156' title='bbox 705 1205 772 1228; x_wconf 85' lang='lat' dir='ltr'><strong>sunt</strong></span> <span class='ocrx_word' id='word_1_157' title='bbox 787 1209 838 1228; x_wconf 81' lang='lat' dir='ltr'><strong>eae</strong></span> <span class='ocrx_word' id='word_1_158' title='bbox 852 1201 889 1228; x_wconf 88' lang='lat' dir='ltr'><strong>de</strong></span> <span class='ocrx_word' id='word_1_159' title='bbox 906 1200 1011 1237; x_wconf 83' lang='lat' dir='ltr'><strong>quibus</strong></span> <span class='ocrx_word' id='word_1_160' title='bbox 1024 1199 1179 1237; x_wconf 86' lang='lat' dir='ltr'><strong>loquimur.</strong></span> <span class='ocrx_word' id='word_1_161' title='bbox 1220 1198 1289 1228; x_wconf 86' lang='lat' dir='ltr'><strong>Hoc</strong></span> 
     </span>
     <span class='ocr_line' id='line_1_20' title="bbox 264 1245 1289 1283; baseline 0 -9"><span class='ocrx_word' id='word_1_162' title='bbox 264 1254 333 1274; x_wconf 81' lang='lat' dir='ltr'><strong>vero</strong></span> <span class='ocrx_word' id='word_1_163' title='bbox 347 1245 441 1274; x_wconf 83' lang='lat' dir='ltr'><strong>sciant</strong></span> <span class='ocrx_word' id='word_1_164' title='bbox 453 1245 587 1273; x_wconf 84' lang='lat' dir='ltr'><strong>homines</strong></span> <span class='ocrx_word' id='word_1_165' title='bbox 601 1254 654 1282; x_wconf 86' lang='lat' dir='ltr'><strong>pro</strong></span> <span class='ocrx_word' id='word_1_166' title='bbox 667 1250 755 1278; x_wconf 85' lang='lat' dir='ltr'><strong>certo.</strong></span> <span class='ocrx_word' id='word_1_167' title='bbox 771 1254 890 1274; x_wconf 84' lang='lat' dir='ltr'><strong>omnem</strong></span> <span class='ocrx_word' id='word_1_168' title='bbox 904 1246 1100 1274; x_wconf 80' lang='lat' dir='ltr'><strong>subtilitatem</strong></span> <span class='ocrx_word' id='word_1_169' title='bbox 1113 1245 1289 1283; x_wconf 76' lang='lat' dir='ltr'><strong>disputatio-</strong></span> 
     </span>
     <span class='ocr_line' id='line_1_21' title="bbox 265 1291 1290 1329; baseline 0 -9"><span class='ocrx_word' id='word_1_170' title='bbox 265 1301 336 1320; x_wconf 86' lang='lat' dir='ltr'><strong>num</strong></span> <span class='ocrx_word' id='word_1_171' title='bbox 350 1295 380 1320; x_wconf 88' lang='lat' dir='ltr'><strong>et</strong></span> <span class='ocrx_word' id='word_1_172' title='bbox 389 1292 571 1320; x_wconf 76' lang='lat' dir='ltr'><strong>discursuum</strong></span> <span class='ocrx_word' id='word_1_173' title='bbox 582 1291 696 1327; x_wconf 84' lang='lat' dir='ltr'><strong>mentis,</strong></span> <span class='ocrx_word' id='word_1_174' title='bbox 709 1292 733 1320; x_wconf 88' lang='lat' dir='ltr'><strong>si</strong></span> <span class='ocrx_word' id='word_1_175' title='bbox 744 1293 918 1320; x_wconf 84' lang='lat' dir='ltr'><strong>adhibeatur</strong></span> <span class='ocrx_word' id='word_1_176' title='bbox 927 1295 1043 1320; x_wconf 86' lang='lat' dir='ltr'><strong>tantum</strong></span> <span class='ocrx_word' id='word_1_177' title='bbox 1056 1295 1124 1329; x_wconf 80' lang='lat' dir='ltr'><strong>post</strong></span> <span class='ocrx_word' id='word_1_178' title='bbox 1136 1293 1290 1320; x_wconf 78' lang='lat' dir='ltr'><strong>axiomata</strong></span> 
     </span>
     <span class='ocr_line' id='line_1_22' title="bbox 265 1339 1291 1376; baseline 0.001 -9"><span class='ocrx_word' id='word_1_179' title='bbox 265 1339 393 1373; x_wconf 81' lang='lat' dir='ltr'><strong>inventa,</strong></span> <span class='ocrx_word' id='word_1_180' title='bbox 413 1347 508 1367; x_wconf 86' lang='lat' dir='ltr'><strong>seram</strong></span> <span class='ocrx_word' id='word_1_181' title='bbox 528 1347 592 1367; x_wconf 81' lang='lat' dir='ltr'><strong>esse</strong></span> <span class='ocrx_word' id='word_1_182' title='bbox 612 1343 643 1367; x_wconf 86' lang='lat' dir='ltr'><strong>et</strong></span> <span class='ocrx_word' id='word_1_183' title='bbox 660 1343 898 1376; x_wconf 79' lang='lat' dir='ltr'><strong>praeposteram3</strong></span> <span class='ocrx_word' id='word_1_184' title='bbox 926 1343 956 1368; x_wconf 89' lang='lat' dir='ltr'><strong>et</strong></span> <span class='ocrx_word' id='word_1_185' title='bbox 979 1339 1148 1368; x_wconf 80' lang='lat' dir='ltr'><strong>subtilitatis</strong></span> <span class='ocrx_word' id='word_1_186' title='bbox 1170 1342 1291 1376; x_wconf 75' lang='lat' dir='ltr'><strong>tempus</strong></span> 
     </span>
     <span class='ocr_line' id='line_1_23' title="bbox 265 1384 1291 1422; baseline 0.001 -9"><span class='ocrx_word' id='word_1_187' title='bbox 265 1393 366 1413; x_wconf 86' lang='lat' dir='ltr'><strong>verum</strong></span> <span class='ocrx_word' id='word_1_188' title='bbox 375 1393 411 1413; x_wconf 87' lang='lat' dir='ltr'><strong>ac</strong></span> <span class='ocrx_word' id='word_1_189' title='bbox 418 1384 576 1421; x_wconf 79' lang='lat' dir='ltr'><strong>proprium,</strong></span> <span class='ocrx_word' id='word_1_190' title='bbox 584 1389 635 1413; x_wconf 86' lang='lat' dir='ltr'><strong>aut</strong></span> <span class='ocrx_word' id='word_1_191' title='bbox 644 1384 748 1413; x_wconf 83' lang='lat' dir='ltr'><strong>saltem</strong></span> <span class='ocrx_word' id='word_1_192' title='bbox 758 1386 1066 1422; x_wconf 79' lang='lat' dir='ltr'><strong>praecipuum,versari</strong></span> <span class='ocrx_word' id='word_1_193' title='bbox 1076 1386 1105 1414; x_wconf 87' lang='lat' dir='ltr'><strong>in</strong></span> <span class='ocrx_word' id='word_1_194' title='bbox 1114 1385 1291 1422; x_wconf 71' lang='lat' dir='ltr'><strong>pensitanda</strong></span> 
     </span>
     <span class='ocr_line' id='line_1_24' title="bbox 266 1431 1292 1467; baseline 0.002 -9"><span class='ocrx_word' id='word_1_195' title='bbox 266 1431 448 1467; x_wconf 84' lang='lat' dir='ltr'><strong>experientia</strong></span> <span class='ocrx_word' id='word_1_196' title='bbox 461 1435 492 1459; x_wconf 85' lang='lat' dir='ltr'><strong>et</strong></span> <span class='ocrx_word' id='word_1_197' title='bbox 506 1431 575 1460; x_wconf 89' lang='lat' dir='ltr'><strong>inde</strong></span> <span class='ocrx_word' id='word_1_198' title='bbox 588 1431 800 1460; x_wconf 74' lang='lat' dir='ltr'><strong>constituendis</strong></span> <span class='ocrx_word' id='word_1_199' title='bbox 814 1431 1031 1460; x_wconf 84' lang='lat' dir='ltr'><strong>axiomatibus:</strong></span> <span class='ocrx_word' id='word_1_200' title='bbox 1052 1441 1120 1461; x_wconf 84' lang='lat' dir='ltr'><strong>nam</strong></span> <span class='ocrx_word' id='word_1_201' title='bbox 1134 1431 1184 1461; x_wconf 87' lang='lat' dir='ltr'><strong>illa</strong></span> <span class='ocrx_word' id='word_1_202' title='bbox 1197 1431 1292 1460; x_wconf 85' lang='lat' dir='ltr'><strong>altera</strong></span> 
     </span>
     <span class='ocr_line' id='line_1_25' title="bbox 265 1477 1292 1516; baseline 0.001 -11"><span class='ocrx_word' id='word_1_203' title='bbox 265 1477 414 1505; x_wconf 85' lang='lat' dir='ltr'><strong>subtilitas</strong></span> <span class='ocrx_word' id='word_1_204' title='bbox 427 1482 560 1505; x_wconf 82' lang='lat' dir='ltr'><strong>naturam</strong></span> <span class='ocrx_word' id='word_1_205' title='bbox 575 1481 692 1514; x_wconf 81' lang='lat' dir='ltr'><strong>prensat</strong></span> <span class='ocrx_word' id='word_1_206' title='bbox 705 1482 736 1505; x_wconf 91' lang='lat' dir='ltr'><strong>et</strong></span> <span class='ocrx_word' id='word_1_207' title='bbox 749 1482 856 1514; x_wconf 83' lang='lat' dir='ltr'><strong>captat,</strong></span> <span class='ocrx_word' id='word_1_208' title='bbox 867 1478 918 1506; x_wconf 83' lang='lat' dir='ltr'><strong>sed</strong></span> <span class='ocrx_word' id='word_1_209' title='bbox 933 1487 1084 1514; x_wconf 87' lang='lat' dir='ltr'><strong>nunquam</strong></span> <span class='ocrx_word' id='word_1_210' title='bbox 1097 1478 1292 1516; x_wconf 83' lang='lat' dir='ltr'><strong>apprehendit</strong></span> 
     </span>
     <span class='ocr_line' id='line_1_26' title="bbox 265 1522 1292 1561; baseline 0.002 -9"><span class='ocrx_word' id='word_1_211' title='bbox 265 1526 318 1552; x_wconf 82' lang='lat' dir='ltr'><strong>aut</strong></span> <span class='ocrx_word' id='word_1_212' title='bbox 336 1522 450 1560; x_wconf 58' lang='lat' dir='ltr'><strong>capitu.</strong></span> <span class='ocrx_word' id='word_1_213' title='bbox 492 1523 533 1552; x_wconf 86' lang='lat' dir='ltr'><strong>Et</strong></span> <span class='ocrx_word' id='word_1_214' title='bbox 549 1523 731 1552; x_wconf 80' lang='lat' dir='ltr'><strong>verissimum</strong></span> <span class='ocrx_word' id='word_1_215' title='bbox 748 1529 828 1552; x_wconf 86' lang='lat' dir='ltr'><strong>certe</strong></span> <span class='ocrx_word' id='word_1_216' title='bbox 844 1529 889 1553; x_wconf 84' lang='lat' dir='ltr'><strong>est</strong></span> <span class='ocrx_word' id='word_1_217' title='bbox 908 1525 989 1561; x_wconf 86' lang='lat' dir='ltr'><strong>quod</strong></span> <span class='ocrx_word' id='word_1_218' title='bbox 1008 1525 1047 1554; x_wconf 89' lang='lat' dir='ltr'><strong>de</strong></span> <span class='ocrx_word' id='word_1_219' title='bbox 1063 1526 1216 1554; x_wconf 81' lang='lat' dir='ltr'><strong>occasione</strong></span> <span class='ocrx_word' id='word_1_220' title='bbox 1230 1525 1292 1554; x_wconf 81' lang='lat' dir='ltr'><strong>sive</strong></span> 
     </span>
     <span class='ocr_line' id='line_1_27' title="bbox 266 1569 1293 1606; baseline 0.001 -8"><span class='ocrx_word' id='word_1_221' title='bbox 266 1569 383 1598; x_wconf 81' lang='lat' dir='ltr'><strong>fortuna</strong></span> <span class='ocrx_word' id='word_1_222' title='bbox 397 1570 454 1598; x_wconf 89' lang='lat' dir='ltr'><strong>dici</strong></span> <span class='ocrx_word' id='word_1_223' title='bbox 468 1569 551 1602; x_wconf 85' lang='lat' dir='ltr'><strong>solet,</strong></span> <span class='ocrx_word' id='word_1_224' title='bbox 566 1570 590 1597; x_wconf 85' lang='lat' dir='ltr'><strong>si</strong></span> <span class='ocrx_word' id='word_1_225' title='bbox 604 1570 796 1598; x_wconf 78' lang='lat' dir='ltr'><strong>transferatur</strong></span> <span class='ocrx_word' id='word_1_226' title='bbox 807 1571 845 1598; x_wconf 85' lang='lat' dir='ltr'><strong>ad</strong></span> <span class='ocrx_word' id='word_1_227' title='bbox 860 1575 1013 1600; x_wconf 85' lang='lat' dir='ltr'><strong>naturam:</strong></span> <span class='ocrx_word' id='word_1_228' title='bbox 1039 1570 1183 1606; x_wconf 84' lang='lat' dir='ltr'><strong>videlicet,</strong></span> <span class='ocrx_word' id='word_1_229' title='bbox 1195 1579 1260 1599; x_wconf 79' lang='lat' dir='ltr'><strong>eam</strong></span> <span class='ocrx_word' id='word_1_230' title='bbox 1273 1580 1293 1599; x_wconf 83' lang='lat' dir='ltr'><strong>a</strong></span> 
     </span>
     <span class='ocr_line' id='line_1_28' title="bbox 265 1615 945 1652; baseline 0.001 -8"><span class='ocrx_word' id='word_1_231' title='bbox 265 1615 365 1652; x_wconf 74' lang='lat' dir='ltr'><strong>fronte</strong></span> <span class='ocrx_word' id='word_1_232' title='bbox 375 1619 524 1650; x_wconf 80' lang='lat' dir='ltr'><strong>comatam,</strong></span> <span class='ocrx_word' id='word_1_233' title='bbox 538 1615 575 1644; x_wconf 88' lang='lat' dir='ltr'><strong>ab</strong></span> <span class='ocrx_word' id='word_1_234' title='bbox 587 1616 714 1652; x_wconf 63' lang='lat' dir='ltr'><strong>ampitio</strong></span> <span class='ocrx_word' id='word_1_235' title='bbox 724 1615 838 1644; x_wconf 76' lang='lat' dir='ltr'><strong>calvam</strong></span> <span class='ocrx_word' id='word_1_236' title='bbox 851 1615 945 1646; x_wconf 48' lang='lat' dir='ltr'><strong>essem.</strong></span> 
     </span>
    </p>
   </div>
   <div class='ocr_carea' id='block_1_3' title="bbox 267 1713 1295 2198">
    <p class='ocr_par' dir='ltr' id='par_1_4' title="bbox 267 1713 1295 2198">
     <span class='ocr_line' id='line_1_29' title="bbox 267 1713 1293 1747; baseline 0.003 -10"><span class='ocrx_word' id='word_1_237' title='bbox 267 1713 378 1737; x_wconf 79' lang='lat' dir='ltr'><strong>natures&#39;</strong></span> <span class='ocrx_word' id='word_1_238' title='bbox 389 1720 454 1737; x_wconf 78' lang='lat' dir='ltr'><strong>were</strong></span> <span class='ocrx_word' id='word_1_239' title='bbox 464 1713 615 1743; x_wconf 83' lang='lat' dir='ltr'><strong>discovered,</strong></span> <span class='ocrx_word' id='word_1_240' title='bbox 626 1713 646 1737; x_wconf 85' lang='lat' dir='ltr'><strong>it</strong></span> <span class='ocrx_word' id='word_1_241' title='bbox 658 1714 738 1738; x_wconf 73' lang='lat' dir='ltr'><strong>would</strong></span> <span class='ocrx_word' id='word_1_242' title='bbox 751 1714 782 1738; x_wconf 85' lang='lat' dir='ltr'><strong>be</strong></span> <span class='ocrx_word' id='word_1_243' title='bbox 792 1721 857 1745; x_wconf 81' lang='lat' dir='ltr'><strong>easy,</strong></span> <span class='ocrx_word' id='word_1_244' title='bbox 869 1714 900 1738; x_wconf 86' lang='lat' dir='ltr'><strong>he</strong></span> <span class='ocrx_word' id='word_1_245' title='bbox 910 1714 1052 1745; x_wconf 79' lang='lat' dir='ltr'><strong>conceived,</strong></span> <span class='ocrx_word' id='word_1_246' title='bbox 1063 1715 1096 1746; x_wconf 86' lang='lat' dir='ltr'><strong>by</strong></span> <span class='ocrx_word' id='word_1_247' title='bbox 1109 1715 1229 1747; x_wconf 70' lang='lat' dir='ltr'><strong>rejecting</strong></span> <span class='ocrx_word' id='word_1_248' title='bbox 1240 1716 1293 1741; x_wconf 68' lang='lat' dir='ltr'><strong>first</strong></span> 
     </span>
     <span class='ocr_line' id='line_1_30' title="bbox 267 1749 1292 1783; baseline 0.002 -9"><span class='ocrx_word' id='word_1_249' title='bbox 267 1757 316 1774; x_wconf 83' lang='lat' dir='ltr'><strong>one</strong></span> <span class='ocrx_word' id='word_1_250' title='bbox 331 1749 378 1774; x_wconf 76' lang='lat' dir='ltr'><strong>and</strong></span> <span class='ocrx_word' id='word_1_251' title='bbox 395 1750 454 1774; x_wconf 77' lang='lat' dir='ltr'><strong>tlieu</strong></span> <span class='ocrx_word' id='word_1_252' title='bbox 466 1749 578 1780; x_wconf 78' lang='lat' dir='ltr'><strong>another,</strong></span> <span class='ocrx_word' id='word_1_253' title='bbox 590 1753 616 1774; x_wconf 77' lang='lat' dir='ltr'><strong>to</strong></span> <span class='ocrx_word' id='word_1_254' title='bbox 628 1751 755 1781; x_wconf 77' lang='lat' dir='ltr'><strong>ascertain,</strong></span> <span class='ocrx_word' id='word_1_255' title='bbox 766 1751 872 1782; x_wconf 82' lang='lat' dir='ltr'><strong>through</strong></span> <span class='ocrx_word' id='word_1_256' title='bbox 888 1752 930 1776; x_wconf 74' lang='lat' dir='ltr'><strong>the</strong></span> <span class='ocrx_word' id='word_1_257' title='bbox 945 1752 1047 1776; x_wconf 84' lang='lat' dir='ltr'><strong>method</strong></span> <span class='ocrx_word' id='word_1_258' title='bbox 1056 1751 1086 1776; x_wconf 72' lang='lat' dir='ltr'><strong>os</strong></span> <span class='ocrx_word' id='word_1_259' title='bbox 1098 1752 1238 1783; x_wconf 76' lang='lat' dir='ltr'><strong>Exclusion,</strong></span> <span class='ocrx_word' id='word_1_260' title='bbox 1249 1753 1292 1777; x_wconf 82' lang='lat' dir='ltr'><strong>the</strong></span> 
     </span>
     <span class='ocr_line' id='line_1_31' title="bbox 269 1787 1293 1822; baseline 0.005 -12"><span class='ocrx_word' id='word_1_261' title='bbox 269 1787 345 1810; x_wconf 84' lang='lat' dir='ltr'><strong>Form</strong></span> <span class='ocrx_word' id='word_1_262' title='bbox 363 1794 391 1811; x_wconf 86' lang='lat' dir='ltr'><strong>or</strong></span> <span class='ocrx_word' id='word_1_263' title='bbox 410 1788 488 1811; x_wconf 81' lang='lat' dir='ltr'><strong>Cause</strong></span> <span class='ocrx_word' id='word_1_264' title='bbox 509 1787 537 1811; x_wconf 79' lang='grc' dir='ltr'><strong>οἱ</strong></span> <span class='ocrx_word' id='word_1_265' title='bbox 553 1795 600 1819; x_wconf 76' lang='lat' dir='ltr'><strong>any</strong></span> <span class='ocrx_word' id='word_1_266' title='bbox 616 1789 685 1818; x_wconf 71' lang='lat' dir='ltr'><strong>given</strong></span> <span class='ocrx_word' id='word_1_267' title='bbox 703 1789 882 1819; x_wconf 81' lang='lat' dir='ltr'><strong>phenomenon.</strong></span> <span class='ocrx_word' id='word_1_268' title='bbox 915 1790 960 1814; x_wconf 77' lang='lat' dir='ltr'><strong>See</strong></span> <span class='ocrx_word' id='word_1_269' title='bbox 978 1789 1158 1820; x_wconf 75' lang='lat' dir='ltr'><strong>Introduction,</strong></span> <span class='ocrx_word' id='word_1_270' title='bbox 1175 1790 1189 1822; x_wconf 67' lang='grc'><strong><em>5</em></strong></span> <span class='ocrx_word' id='word_1_271' title='bbox 1205 1798 1228 1821; x_wconf 81' lang='grc'><strong>9,</strong></span> <span class='ocrx_word' id='word_1_272' title='bbox 1244 1790 1293 1815; x_wconf 77' lang='lat' dir='ltr'><strong>and</strong></span> 
     </span>
     <span class='ocr_line' id='line_1_32' title="bbox 269 1823 1230 1858; baseline 0.004 -11"><span class='ocrx_word' id='word_1_273' title='bbox 269 1823 319 1848; x_wconf 82' lang='lat' dir='ltr'><strong>Mr.</strong></span> <span class='ocrx_word' id='word_1_274' title='bbox 332 1823 396 1847; x_wconf 67' lang='lat' dir='ltr'><strong>Ellis·</strong></span> <span class='ocrx_word' id='word_1_275' title='bbox 409 1824 514 1848; x_wconf 80' lang='lat' dir='ltr'><strong>Gener-al</strong></span> <span class='ocrx_word' id='word_1_276' title='bbox 527 1824 628 1848; x_wconf 72' lang='lat' dir='ltr'><strong>Preface</strong></span> <span class='ocrx_word' id='word_1_277' title='bbox 641 1828 668 1849; x_wconf 82' lang='lat' dir='ltr'><strong>to</strong></span> <span class='ocrx_word' id='word_1_278' title='bbox 679 1825 783 1850; x_wconf 84' lang='lat' dir='ltr'><strong>Bacon’s</strong></span> <span class='ocrx_word' id='word_1_279' title='bbox 794 1826 970 1857; x_wconf 76' lang='lat' dir='ltr'><strong>Philosophical</strong></span> <span class='ocrx_word' id='word_1_280' title='bbox 982 1826 1082 1856; x_wconf 68' lang='lat' dir='ltr'><strong>Works,</strong></span> <span class='ocrx_word' id='word_1_281' title='bbox 1093 1834 1134 1858; x_wconf 84' lang='lat' dir='ltr'><strong>pp.</strong></span> <span class='ocrx_word' id='word_1_282' title='bbox 1145 1835 1230 1857; x_wconf 78' lang='lat' dir='ltr'><strong>²s-39-</strong></span> 
     </span>
     <span class='ocr_line' id='line_1_33' title="bbox 299 1860 1295 1896; baseline 0.002 -10"><span class='ocrx_word' id='word_1_283' title='bbox 299 1860 320 1875; x_wconf 79' lang='lat'><strong>⁴¹</strong></span> <span class='ocrx_word' id='word_1_284' title='bbox 337 1862 387 1886; x_wconf 79' lang='lat' dir='ltr'><strong>For</strong></span> <span class='ocrx_word' id='word_1_285' title='bbox 404 1862 424 1886; x_wconf 81' lang='lat' dir='ltr'><strong>it</strong></span> <span class='ocrx_word' id='word_1_286' title='bbox 443 1862 462 1886; x_wconf 86' lang='lat' dir='ltr'><strong>is</strong></span> <span class='ocrx_word' id='word_1_287' title='bbox 481 1862 621 1887; x_wconf 73' lang='lat' dir='ltr'><strong>‘subtilitati</strong></span> <span class='ocrx_word' id='word_1_288' title='bbox 639 1865 740 1887; x_wconf 78' lang='lat' dir='ltr'><strong>naturae</strong></span> <span class='ocrx_word' id='word_1_289' title='bbox 757 1863 829 1894; x_wconf 77' lang='lat' dir='ltr'><strong>longe</strong></span> <span class='ocrx_word' id='word_1_290' title='bbox 845 1863 939 1895; x_wconf 64' lang='lat' dir='ltr'><strong>impar:</strong></span> <span class='ocrx_word' id='word_1_291' title='bbox 971 1864 1116 1888; x_wconf 64' lang='lat' dir='ltr'><strong>‘Aaeensum</strong></span> <span class='ocrx_word' id='word_1_292' title='bbox 1134 1864 1218 1896; x_wconf 72' lang='lat' dir='ltr'><strong>itzqoe</strong></span> <span class='ocrx_word' id='word_1_293' title='bbox 1233 1871 1295 1889; x_wconf 85' lang='lat' dir='ltr'><strong>con·</strong></span> 
     </span>
     <span class='ocr_line' id='line_1_34' title="bbox 268 1899 758 1931; baseline 0.004 -9"><span class='ocrx_word' id='word_1_294' title='bbox 268 1899 374 1929; x_wconf 72' lang='lat' dir='ltr'><strong>stringit,</strong></span> <span class='ocrx_word' id='word_1_295' title='bbox 386 1906 434 1922; x_wconf 86' lang='lat' dir='ltr'><strong>uon</strong></span> <span class='ocrx_word' id='word_1_296' title='bbox 446 1899 500 1924; x_wconf 66' lang='lat' dir='ltr'><strong>res!</strong></span> <span class='ocrx_word' id='word_1_297' title='bbox 532 1901 578 1931; x_wconf 83' lang='lat' dir='ltr'><strong>Cp.</strong></span> <span class='ocrx_word' id='word_1_298' title='bbox 589 1900 664 1931; x_wconf 71' lang='lat' dir='ltr'><strong>Aphs-</strong></span> <span class='ocrx_word' id='word_1_299' title='bbox 675 1908 758 1930; x_wconf 72' lang='lat'>10-14.</span> 
     </span>
     <span class='ocr_line' id='line_1_35' title="bbox 300 1935 814 1968; baseline 0.004 -8"><span class='ocrx_word' id='word_1_300' title='bbox 300 1935 322 1950; x_wconf 81' lang='lat'><strong>⁴¹</strong></span> <span class='ocrx_word' id='word_1_301' title='bbox 337 1936 383 1961; x_wconf 80' lang='lat' dir='ltr'><strong>See</strong></span> <span class='ocrx_word' id='word_1_302' title='bbox 394 1936 526 1961; x_wconf 84' lang='lat' dir='ltr'><strong>Phaedrus&#39;</strong></span> <span class='ocrx_word' id='word_1_303' title='bbox 539 1937 633 1968; x_wconf 80' lang='lat' dir='ltr'><strong>Fables,</strong></span> <span class='ocrx_word' id='word_1_304' title='bbox 644 1937 685 1961; x_wconf 85' lang='lat' dir='ltr'><strong>lib.</strong></span> <span class='ocrx_word' id='word_1_305' title='bbox 694 1945 717 1962; x_wconf 77' lang='lat' dir='ltr'><strong>v.</strong></span> <span class='ocrx_word' id='word_1_306' title='bbox 728 1937 776 1962; x_wconf 75' lang='lat' dir='ltr'><strong>fab.</strong></span> <span class='ocrx_word' id='word_1_307' title='bbox 787 1940 814 1962; x_wconf 82' lang='lat'><strong>8:</strong></span> 
     </span>
     <span class='ocr_line' id='line_1_36' title="bbox 616 1981 866 2012; baseline 0.008 -8"><span class='ocrx_word' id='word_1_308' title='bbox 616 1981 735 2005; x_wconf 79' lang='lat' dir='ltr'><strong>&#39;Occasio</strong></span> <span class='ocrx_word' id='word_1_309' title='bbox 753 1981 866 2012; x_wconf 71' lang='lat' dir='ltr'><strong>Depicta.</strong></span> 
     </span>
     <span class='ocr_line' id='line_1_37' title="bbox 491 2017 984 2050; baseline 0.004 -9"><span class='ocrx_word' id='word_1_310' title='bbox 491 2017 569 2041; x_wconf 86' lang='lat' dir='ltr'><strong>Cursu</strong></span> <span class='ocrx_word' id='word_1_311' title='bbox 584 2017 675 2042; x_wconf 83' lang='lat' dir='ltr'><strong>volucri</strong></span> <span class='ocrx_word' id='word_1_312' title='bbox 692 2018 802 2049; x_wconf 85' lang='lat' dir='ltr'><strong>pendens</strong></span> <span class='ocrx_word' id='word_1_313' title='bbox 818 2018 842 2042; x_wconf 85' lang='lat' dir='ltr'><strong>ln</strong></span> <span class='ocrx_word' id='word_1_314' title='bbox 859 2018 984 2050; x_wconf 70' lang='lat' dir='ltr'><strong>novamla,</strong></span> 
     </span>
     <span class='ocr_line' id='line_1_38' title="bbox 491 2054 1020 2087; baseline 0.006 -9"><span class='ocrx_word' id='word_1_315' title='bbox 491 2054 586 2084; x_wconf 73' lang='lat' dir='ltr'><strong>Calvus,</strong></span> <span class='ocrx_word' id='word_1_316' title='bbox 603 2062 702 2080; x_wconf 57' lang='lat' dir='ltr'><strong>comos</strong></span> <span class='ocrx_word' id='word_1_317' title='bbox 718 2055 808 2086; x_wconf 73' lang='lat' dir='ltr'><strong>fronte,</strong></span> <span class='ocrx_word' id='word_1_318' title='bbox 824 2056 891 2081; x_wconf 82' lang='lat' dir='ltr'><strong>nudo</strong></span> <span class='ocrx_word' id='word_1_319' title='bbox 907 2063 1020 2087; x_wconf 79' lang='lat' dir='ltr'><strong>corpore,</strong></span> 
     </span>
     <span class='ocr_line' id='line_1_39' title="bbox 491 2091 1091 2124; baseline 0.003 -8"><span class='ocrx_word' id='word_1_320' title='bbox 491 2091 573 2123; x_wconf 81' lang='lat' dir='ltr'><strong>Qem</strong></span> <span class='ocrx_word' id='word_1_321' title='bbox 589 2093 608 2116; x_wconf 84' lang='lat' dir='ltr'><strong>si</strong></span> <span class='ocrx_word' id='word_1_322' title='bbox 625 2093 758 2123; x_wconf 72' lang='lat' dir='ltr'><strong>occuparis,</strong></span> <span class='ocrx_word' id='word_1_323' title='bbox 774 2096 874 2118; x_wconf 72' lang='lat' dir='ltr'><strong>teneas:</strong></span> <span class='ocrx_word' id='word_1_324' title='bbox 891 2093 999 2124; x_wconf 74' lang='lat' dir='ltr'><strong>elapsum</strong></span> <span class='ocrx_word' id='word_1_325' title='bbox 1015 2093 1091 2118; x_wconf 72' lang='lat' dir='ltr'><strong>semel</strong></span> 
     </span>
     <span class='ocr_line' id='line_1_40' title="bbox 491 2128 1031 2163; baseline 0.006 -11"><span class='ocrx_word' id='word_1_326' title='bbox 491 2128 549 2153; x_wconf 84' lang='lat' dir='ltr'><strong>Non</strong></span> <span class='ocrx_word' id='word_1_327' title='bbox 565 2129 617 2160; x_wconf 75' lang='lat' dir='ltr'><strong>ipse</strong></span> <span class='ocrx_word' id='word_1_328' title='bbox 633 2131 708 2161; x_wconf 73' lang='lat' dir='ltr'><strong>possit</strong></span> <span class='ocrx_word' id='word_1_329' title='bbox 722 2131 820 2162; x_wconf 79' lang='lat' dir='ltr'><strong>Jupiter</strong></span> <span class='ocrx_word' id='word_1_330' title='bbox 835 2131 1031 2163; x_wconf 52' lang='lat' dir='ltr'><strong>reprehendun</strong></span> 
     </span>
     <span class='ocr_line' id='line_1_41' title="bbox 492 2165 1012 2198; baseline 0.008 -9"><span class='ocrx_word' id='word_1_331' title='bbox 492 2165 653 2191; x_wconf 61' lang='lat' dir='ltr'><strong>Occasionem</strong></span> <span class='ocrx_word' id='word_1_332' title='bbox 669 2174 753 2192; x_wconf 77' lang='lat' dir='ltr'><strong>rerum</strong></span> <span class='ocrx_word' id='word_1_333' title='bbox 769 2167 887 2198; x_wconf 61' lang='lat' dir='ltr'><strong>signifiat</strong></span> <span class='ocrx_word' id='word_1_334' title='bbox 902 2168 1012 2193; x_wconf 81' lang='lat' dir='ltr'><strong>brevem.</strong></span> 
     </span>
    </p>
   </div>
  </div>
 </body>
</html>
