1473 2622
256 342 315 372 314
589 335 729 360 NOVUM
747 335 943 360 ORGANUM.

708 417 809 447 CXVI
813 418 836 447 1.

296 473 398 511 Atque
412 473 661 511 quemadmodum
675 477 773 502 sectae
787 473 954 502 conditores
974 482 1032 502 non
1047 482 1157 508 sumus,
1174 473 1215 502 ita
1229 481 1284 502 nec

258 529 380 557 operum
404 519 619 556 particularium
643 520 796 556 largitores
819 523 870 548 aut
896 520 1097 556 promissores.
1137 519 1284 548 Attamen

258 567 351 604 possit
368 565 473 604 aliquis
492 566 548 594 hoc
568 566 658 594 modo
678 574 846 599 occurrere3
867 567 947 603 quod
968 575 1029 601 nos,
1043 566 1095 604 qui
1113 571 1175 595 tam
1193 574 1284 603 saepe

259 621 380 650 operum
395 612 573 641 mentionem
583 612 724 640 faciamus
738 615 768 640 et
781 612 879 640 omnia
893 621 929 640 eo
942 612 1101 647 trahamus,
1110 613 1200 641 etiam
1214 620 1285 649 ope·

258 669 322 687 rum
343 659 507 696 aliquorum
530 659 653 696 pignora
675 658 879 686 exhibeamus.
918 658 1030 687 Verum
1056 659 1104 687 via
1127 663 1228 687 nostra
1253 661 1284 686 et

259 705 333 734 ratio
354 704 401 743 (ut
420 714 508 742 saepe
528 705 679 742 perspicue
699 705 829 733 diximus
849 709 879 733 et
899 704 995 734 adhuc
1015 705 1111 734 dicere
1128 702 1227 743 juvat)
1248 713 1285 733 ea

258 756 305 780 est
316 763 323 786 ;
346 755 378 780 ut
397 760 456 780 non
477 760 566 788 opera
586 760 626 780 ex
645 750 782 787 operibus
802 749 863 778 sive
884 750 1088 787 experimenta
1107 760 1146 780 ex
1169 750 1284 788 experi-

259 799 366 827 mentis
379 797 426 835 (ut
446 797 595 835 empirici),
608 798 660 826 sed
681 806 721 825 ex
740 797 878 833 operibus
899 800 928 825 et
949 799 1160 834 experimentis
1179 806 1284 826 causas

261 848 291 873 et
317 845 475 879 axiomata,
502 847 592 880 atque
618 852 658 872 ex
684 842 778 872 causis
805 846 835 871 et
861 843 1061 872 axiomatibus
1086 853 1182 872 rursus
1208 852 1284 872 nova

260 899 350 928 opera
370 895 400 918 et
423 889 626 926 experimenta
646 887 690 926 (ut
710 888 833 925 legitimi
855 888 987 917 Naturae
1011 888 1210 928 Interpretes)‚
1232 898 1286 918 ex·

261 936 420 964 trahamus.

301 981 404 1018 Atque
418 981 486 1010 licet
503 980 533 1009 in
553 979 662 1010 tabulis
681 980 788 1009 nostris
810 980 976 1010 inveniendi
991 979 1043 1020 (ex
1056 982 1162 1019 quibus
1180 985 1286 1019 quarta

262 1037 330 1066 pars
338 1026 358 1044 ³¹
375 1026 598 1056 Instaurationis
611 1024 765 1064 consistit),
778 1030 870 1064 atque
884 1027 974 1056 etiam
994 1027 1139 1065 exemplis
1159 1028 1286 1065 particu-

264 1075 366 1102 larium
384 1073 475 1111 (quae
494 1074 524 1101 in
542 1074 671 1101 secunda
691 1076 774 1110 parte
794 1073 996 1112 adduximus),
1009 1078 1099 1111 atque
1120 1075 1237 1110 insuper
1257 1074 1287 1102 in

263 1119 514 1149 observationibus
528 1119 634 1148 nostris
648 1128 735 1156 super
747 1119 899 1148 historiam
913 1118 1003 1156 (quae
1016 1121 1045 1148 in
1064 1121 1152 1149 tertia
1169 1123 1253 1157 parte
1264 1119 1288 1137 ³¹

264 1167 362 1204 operis
389 1166 534 1203 descripta
560 1164 626 1204 est),
653 1165 747 1201 quivis
772 1165 819 1194 vel
851 1165 1005 1194 mediocris
1036 1167 1232 1204 perspicaciae
1258 1170 1289 1195 et

265 1213 400 1242 solertiae
416 1212 611 1249 complurium
630 1221 752 1249 operum
769 1211 908 1240 nobilium
931 1212 1123 1242 indicationes
1144 1216 1175 1241 et
1193 1213 1290 1250 desig-

265 1261 398 1288 nationes
419 1259 528 1295 ubique
548 1258 683 1293 notabit;
710 1259 836 1294 ingenue
860 1262 960 1286 tamen
984 1258 1118 1295 fatemur,
1137 1259 1290 1288 historiam

265 1305 427 1335 naturalem
441 1314 529 1342 quam
549 1304 644 1333 adhuc
660 1303 812 1336 habemus.
825 1309 877 1333 aut
891 1313 930 1333 ex
949 1304 1029 1333 libris
1044 1310 1097 1334 aut
1113 1315 1152 1334 ex
1170 1305 1289 1343 inquisi-

265 1353 346 1381 tione
372 1351 494 1388 propria‚
525 1359 583 1379 non
615 1354 679 1378 tam
712 1351 862 1387 copiosam
889 1359 954 1379 esse
983 1355 1013 1380 ct
1039 1351 1229 1384 verificatam,
1257 1355 1290 1380 ut

266 1399 415 1435 legitimae
431 1397 668 1434 Interpretationi
681 1397 850 1425 satisfacere
862 1401 914 1425 aut
929 1397 1092 1426 ministrare
1105 1399 1199 1435 possit
1209 1398 1241 1427 ³³.

305 1445 411 1482 Itaque
436 1444 461 1472 si
485 1444 550 1481 quis
571 1443 608 1472 ad
632 1443 802 1472 mechanica
823 1443 861 1472 sit
883 1445 977 1481 magis
1000 1449 1087 1482 aptus
1109 1449 1139 1474 et
1162 1449 1291 1482 paratus,

265 1495 356 1528 atque
368 1499 462 1528 sagax
476 1490 514 1519 ad
528 1490 662 1519 venanda
675 1498 764 1527 opera
785 1498 823 1518 ex
837 1490 1057 1519 conversatione
1070 1491 1133 1519 sola
1153 1499 1220 1519 eum
1238 1499 1292 1519 ex-

267 1537 446 1574 perimentis,
461 1537 486 1564 ei
501 1537 698 1573 permittimus
714 1539 742 1564 et
756 1536 945 1572 relinquimus
959 1536 1041 1564 illam
1059 1537 1244 1571 industriam,
1258 1539 1292 1564 ut

268 1593 307 1612 ex
327 1583 446 1612 historia
467 1586 565 1611 nostra
585 1586 616 1611 et
635 1582 744 1611 tabulis
763 1581 856 1610 multa
877 1586 1018 1619 tanquam
1039 1583 1068 1612 in
1089 1583 1136 1612 via
1153 1583 1292 1619 decerpat

268 1633 299 1658 et
311 1629 439 1666 applicet
453 1628 491 1657 ad
505 1637 644 1666 opera,ac
657 1628 747 1657 veluti
761 1627 863 1656 foenus
877 1628 997 1665 recipiat
1011 1628 1048 1658 ad
1063 1633 1188 1666 tempus,
1198 1629 1292 1658 donec

268 1685 331 1704 sors
350 1675 451 1704 haberi
471 1675 571 1712 possit.
613 1675 676 1702 Nos
696 1683 772 1708 vert>¹
794 1683 861 1702 curn
881 1675 920 1702 ad
939 1675 1050 1711 majora
1071 1673 1292 1708 contendamus:

268 1731 382 1750 moram
402 1730 522 1749 omnem
546 1729 772 1758 praeproperam
792 1725 821 1749 et
842 1725 1057 1758 praematuram
1080 1722 1108 1750 in
1128 1721 1293 1750 istiusmodi
1319 1746 1324 1751 .

269 1769 356 1796 rebus
379 1773 519 1805 tanquam
540 1767 704 1796 Atalantae
724 1767 799 1804 pilas
820 1766 866 1805 (ut
892 1768 1009 1805 saepius
1031 1767 1160 1797 solemus
1186 1767 1296 1806 dicere)

269 1815 453 1843 damnamus.
493 1814 598 1851 Neque
622 1814 701 1842 enim
722 1822 809 1842 aurea
831 1822 922 1851 poma
941 1814 1090 1851 pueriliter
1113 1815 1295 1847 affectamus,

302 1936 322 1952 ¹¹
339 1937 396 1961 The
407 1937 491 1961 ‘Scala
503 1936 661 1961 Intellectus!
694 1936 740 1968 Cp.
754 1939 813 1960 note
826 1938 854 1961 ⁶2
867 1944 901 1961 on
912 1936 975 1968 Aph.
987 1945 1026 1967 9¹·

302 1974 323 1989 '⁸
338 1975 395 1999 The
406 1975 414 1989 ¹
423 1975 596 1998 Phaenomena
608 1974 727 2003 unvai-si,
737 1974 788 1998 sive
800 1974 911 1998 Historia
921 1974 1045 1999 Naturalis
1057 1978 1085 1999 et
1096 1974 1300 2006 Experimenuus

271 2013 302 2037 ad
313 2011 468 2036 condendam
479 2011 676 2042 PhilosophiamJ
709 2011 755 2042 Cp.
766 2014 826 2035 note
838 2013 867 2040 7⁶
880 2019 913 2036 on
926 2012 988 2043 Aph.
1000 2015 1040 2041 9⁸-

304 2049 323 2064 ¹¹
340 2049 404 2073 This
414 2049 516 2073 ‘candid
527 2049 678 2072 confession·
690 2049 719 2072 of
732 2049 814 2073 nacon
829 2049 917 2074 should
931 2049 963 2074 be
980 2049 1054 2074 taken
1071 2050 1096 2074 in
1109 2056 1198 2075 excuse
1214 2049 1244 2074 of
1256 2049 1302 2074 the

273 2095 346 2118 many
356 2087 536 2116 shortcomings
545 2087 575 2111 of
583 2086 625 2110 the
636 2089 690 2116 part
702 2086 730 2111 of
738 2086 776 2110 his
787 2086 854 2111 work
869 2086 928 2111 here
943 2087 1053 2112 referred
1064 2090 1099 2118 to,
1111 2086 1158 2111 aud
1174 2086 1200 2111 in
1211 2086 1300 2118 depre-

272 2125 355 2150 cation
369 2123 398 2148 of
406 2123 449 2148 the
461 2123 547 2148 hostile
559 2123 687 2148 criticisms
698 2123 726 2148 ot*
734 2123 821 2155 Liebig
832 2123 880 2149 and
891 2123 984 2149 others.
1017 2125 1064 2156 Cp.
1073 2123 1118 2149 the
1130 2127 1192 2148 next
1202 2123 1300 2156 Aphou-

271 2163 325 2194 ism,
336 2163 384 2188 and
397 2161 576 2193 Introduction,
589 2169 612 2193 p.
624 2169 676 2192 ηπ.

1234 2347 1406 2423 „A
